2122 3372
350 95 467 164 ⁷368

772 201 1134 266 Christianae
1152 199 1564 287 Philosophiae

339 297 523 365 Adeo
536 296 877 363 studuerat
903 288 1083 352 adeo
1080 300 1339 352 'morum
1364 291 1607 352 cultura
1629 292 1993 374 profecerat·

628 377 1058 460 Utamputatis
1075 369 1435 438 Paffiosmm
1446 364 1726 447 surculis,
1803 389 1805 391 ’
1892 399 1893 402 ’
2003 389 2007 391 ’

752 463 921 526 Vero
938 459 1292 524 Stoicorum
1307 461 1607 546 Principi
1775 477 1779 482 “

650 548 802 613 Haec
819 571 944 611 una
960 549 1142 611 fuerit
1161 546 1398 609 summa
1414 551 1698 633 Voluptas

784 634 985 698 Omni
1002 655 1197 696 carere
1215 636 1548 716 voluptate.

337 723 746 788 Mellificium
769 725 835 784 in
866 720 1044 804 spinis
1060 765 1076 788 ,
1093 721 1462 783 absinthium
1480 724 1545 783 in
1566 722 1995 787 blandimentis
2055 745 2059 750 ·

1039 805 1286 869 Invenit

621 897 819 960 Verus
834 893 1166 957 Servatoris
1186 890 1416 955 Christi
1434 888 1685 957 Affecla.

726 981 1062 1064 Sampsone
1074 985 1365 1054 majorem
1381 979 1603 1042 diceres

495 1070 736 1134 Primus
749 1071 874 1131 eius
891 1069 1063 1129 labor
1077 1067 1212 1132 fuit,
1223 1067 1283 1127 &
1304 1065 1556 1147 quidem
1570 1066 1838 1146 egregius

467 1154 832 1220 Irascibilem
861 1153 1150 1221 sternere,
1178 1154 1238 1213 ὅ(
1265 1148 1862 1232 Concupiscibilem‚

423 1241 768 1306 Geminam
782 1243 971 1304 feram
988 1239 1211 1322 quovis
1227 1236 1466 1300 Leone
1457 1239 1903 1323 immaniorem

507 1328 590 1393 Et
604 1349 680 1390 ne
695 1328 943 1391 ferinas
932 1344 1088 1388 inter
1102 1325 1349 1388 exuvias
1363 1324 1545 1386 mella
1562 1321 1865 1388 deessent

561 1414 774 1479 Pacati
787 1414 978 1476 animi
1002 1409 1330 1494 assequitur
1344 1410 1754 1475 dulcedinem.

826 1499 1074 1562 Achille
1099 1502 1221 1577 jam
1251 1496 1487 1559 felicior

644 1584 847 1653 Totus
864 1585 1103 1648 Divina
1120 1584 1421 1647 delibutus
1436 1581 1684 1651 virtute,

525 1668 665 1738 Nec
690 1674 981 1735 blandula
1008 1672 1325 1734 allicientis
1347 1666 1603 1732 Veneris
1619 1667 1809 1751 spina,

658 1758 796 1823 Nec
814 1760 1009 1840 ignito
1038 1763 1191 1820 cocci
1209 1753 1543 1849 Cupidinis
1556 1755 1683 1865 telo

738 1845 1065 1908 Vulnerari
1080 1863 1360 1936 unquam
1369 1840 1610 1924 potuit
1796 1900 1802 1905 ,

340 1926 522 1994 Hisce
539 1930 810 2005 hostibus
838 1931 927 1991 nil
945 1931 1026 1990 est
1044 1929 1387 1994 nocentius,
1404 1948 1592 2020 quam
1606 1924 1987 1996 Innocent1a2

812 2017 995 2098 Qios
1009 2015 1052 2076 si
1068 2016 1284 2094 fugias,
1303 2014 1520 2081 vincis
1691 2037 1694 2038 ⁷

560 2101 646 2165 At
662 2099 704 2161 fi
721 2102 980 2164 ferreum
1000 2101 1281 2162 animum
1297 2100 1464 2162 vitio
1473 2101 1786 2178 obiecerat,

649 2183 919 2250 Cereum
933 2188 1134 2270 pectus
1150 2187 1377 2248 Virtuti
1395 2187 1690 2255 exhibuit,

471 2272 599 2338 Cui
617 2273 718 2336 sua
736 2293 991 2356 quaeque
1006 2272 1155 2335 alte
1147 2268 1507 2354 impresserat
1536 2272 1800 2351 vestigia

719 2359 801 2422 O
819 2360 1227 2422 Laudabilem
1242 2358 1608 2420 Avaritiam
1594 2355 1609 2400 l

551 2444 654 2510 Ne
671 2448 994 2509 minimam
1013 2445 1264 2527 quidem
1276 2445 1414 2505 vitae
1432 2443 1778 2526 portionem

465 2599 467 2601 ,
930 2527 1104 2594 Caelo
1123 2531 1433 2598 adimeret,

469 2615 681 2683 Etiam
712 2620 745 2681 ὲ
776 2619 955 2687 ludis,
973 2619 1077 2701 qui
1095 2618 1379 2679 animum
1393 2611 1635 2679 tantum
1649 2614 1856 2676 laxant

981 2703 1336 2772 Abstinuit,
1388 2725 1392 2728 ·
1459 2774 1474 2781 Λ
1773 2761 1776 2765 .
1851 2753 1863 2766 .,

1100 2789 1102 2791 ’
1316 2844 1320 2846 ,
1787 2782 1901 2848 Ra-
