2034 3387
1641 115 1696 154 ss

506 211 788 284 Luceant
805 212 1064 280 Funalia
1079 219 1328 302 lugeant
1343 265 1368 293 ,

626 302 958 387 Intimique
986 311 1258 371 moeroris

403 388 1010 473 Lugubrepraebeant
1024 412 1476 472 argumentum.

252 478 368 541 Vel
392 476 435 540 fi
463 479 654 540 nimia
673 481 1075 560 praeconcepti
1094 477 1319 551 doloris
1337 484 1619 552 acerbitas

575 560 635 626 C
638 556 949 646 ompreffis
966 562 1305 646 praecordiis

411 646 712 712 Lamenta
740 648 1052 732 prohibet,
1075 649 1136 711 ὃ(
1153 652 1420 733 querelas
1434 674 1456 726 3

370 735 599 800 Saltem
640 736 804 798 taciti
824 734 876 797 A
889 735 1069 797 moris
1100 738 1509 804 teneritudine

445 818 665 886 Cereas
682 819 1020 903 liquescant
1034 823 1100 884 in
1115 822 1439 908 lacrymas0

677 905 840 991 Qae
866 907 1196 992 inopinat&

370 996 445 1059 M
456 1019 549 1059 ors
568 997 824 1078 inopina
842 993 1102 1058 instituit
1117 995 1493 1080 Spetstacula,

404 1082 591 1146 Siccis
607 1082 801 1145 oculis
819 1078 1135 1165 spectanda
1153 1103 1284 1146 non
1301 1081 1460 1156 sunt.

530 1164 678 1232 Heu
695 1168 1038 1250 lugendum
1065 1166 1317 1237 Fatum!

282 1251 404 1315 Vix
443 1256 630 1337 pleno
676 1254 915 1317 lumine
946 1254 1267 1318 meridiem
1302 1259 1575 1339 attigerat

673 1340 781 1402 Sol
802 1341 906 1402 iste
924 1338 1184 1412 Boieus3

471 1419 555 1487 Et
569 1421 880 1508 extempl&
896 1469 914 1494 ,
932 1447 1120 1508 quarn
1137 1426 1384 1489 dederat

555 1505 1080 1594 Jucundiffimam
1096 1510 1281 1581 diem.

801 1593 1053 1661 Clausit.

442 1683 523 1744 sic
547 1685 680 1746 Fata
707 1691 845 1747 vices
855 1686 1094 1748 hominum
1121 1689 1409 1771 exagitant,

301 1764 562 1849 Qidni?
609 1768 910 1853 Prolapso
925 1770 990 1833 in
1011 1768 1238 1834 Mortis
1254 1770 1542 1837 occasum

729 1854 929 1917 Boico
946 1857 1105 1918 Sole.

348 1937 631 2023 AEquum
648 1940 755 2008 est,
776 1960 843 2004 ut
861 1958 1077 2002 exortae
1094 1942 1212 2002 hac
1230 1943 1294 2002 in
1309 1944 1476 2006 mole

581 2025 908 2088 Stellarum
928 2025 1248 2108 Myriades

395 2107 447 2172 F
449 2131 696 2175 unereas
715 2115 869 2194 inte-r
888 2112 1187 2176 Manium
1203 2114 1446 2176 umbras

376 2194 757 2260 Ineluctabili
816 2198 1145 2262 Parentent
1195 2190 1457 2282 [adlurae.

440 2277 817 2348 Communis
834 2287 1049 2348 laetitiae
1066 2285 1188 2347 dies
1205 2286 1379 2348 abiit:

636 2367 786 2433 Nox
805 2391 926 2434 atra
945 2372 1189 2434 tristitiae

511 2453 826 2521 Omnium
843 2477 1000 2521 occu
1006 2475 1105 2540 pet
1121 2457 1327 2527 corda.
