2127 3377
407 159 470 225 96

496 278 584 342 Ita
614 275 912 357 Principis
930 267 1351 337 Mansuetudo
1377 270 1803 357 composuerat
1821 324 1837 352 2,

672 358 766 427 Ut
780 362 957 424 nullo
974 362 1055 421 im
1065 361 1333 422 minente
1349 362 1671 443 naufragio

591 447 812 514 Portus
828 447 1154 510 malaciam
1170 446 1422 528 quisque
1440 450 1754 522 traiiceret,

677 536 812 620 Qui
827 532 1061 616 dilapso
1080 531 1303 594 Divini
1321 534 1479 595 Solis
1503 536 1675 598 radio

665 623 917 703 Semper
955 620 1419 680 collustrabatur
1447 623 1687 685 animus

391 705 548 772 Non
562 710 771 771 debuit
789 753 805 775 2
822 707 931 789 nisi
949 723 1233 788 pacatam
1251 707 1527 768 exhibere
1545 707 1919 777 serenitatem
1939 755 1959 784 ³

711 795 861 878 Qua
877 792 1177 874 Principis
1194 790 1271 854 ad
1287 794 1638 874 exemplum

833 878 998 941 Tota
1016 879 1345 940 mitesceret
1360 879 1540 940 Aula.

422 966 620 1032 Ree'tae
639 964 996 1049 Ration1i2ita
1014 983 1213 1027 motus
1229 986 1441 1026 omnes
1458 964 1964 1046 agglutinaverat,

474 1054 568 1120 Ut
583 1057 682 1116 Vel
697 1055 761 1114 in
778 1050 906 1136 ipso
921 1051 1234 1114 Adamum
1255 1067 1385 1112 non
1405 1052 1667 1132 peccasse
1691 1055 1852 1118 dicas
1867 1098 1888 1125 2

624 1142 740 1203 Vel
757 1140 1084 1223 collapsam
1106 1140 1169 1199 in
1189 1139 1394 1221 primis
1408 1139 1753 1218 parentibus

854 1223 1210 1287 Instauraffe
1227 1242 1527 1285 naturam.

527 1316 688 1398 Quae
707 1312 1036 1374 iracundiae
1053 1306 1302 1374 fuiffent
1319 1309 1471 1371 Aliis
1490 1310 1864 1377 irritamenta

633 1399 1008 1461 Occasiones
1026 1399 1275 1460 fuerunt
1296 1396 1401 1479 ips1
1421 1396 1738 1462 charitatis,

456 1485 576 1551 At
555 1510 587 1549 a
604 1507 754 1549 vero
773 1479 942 1548 haud
958 1487 1158 1546 aberra
1168 1497 1251 1546 vit
1270 1484 1594 1564 vulgatum
1611 1484 1924 1568 adagium,

765 1574 920 1655 Qo
938 1587 1201 1633 extrema
1216 1570 1616 1651 tranquillitas

593 1656 945 1721 Extremam
963 1659 1188 1719 dicitur
1200 1658 1532 1740 procellam
1551 1657 1789 1721 minari.

508 1742 805 1807 Creverat
821 1745 895 1806 ad
916 1743 1233 1806 summum
1249 1741 1420 1805 Bava
1427 1764 1546 1805 rica
1563 1740 1863 1815 Felicitas,
1956 1810 1957 1813 ,

490 1826 807 1893 Delectata
837 1833 1033 1892 fuerat
1071 1844 1217 1889 cum
1267 1826 1549 1910 Principe
1565 1830 1883 1895 mansueto

833 1915 907 1979 In
927 1914 1323 1978 multitudine
1340 1913 1533 1983 Pacis

558 2003 705 2067 Sine
742 2003 1056 2087 spinarum
1091 2002 1373 2080 molestiis
1403 2000 1557 2062 rosas
1587 2003 1825 2084 carpsit,
1904 2058 1906 2060 ,

544 2087 643 2152 ΕΟ
660 2092 759 2152 vel
788 2107 1098 2172 tempore,
1146 2107 1276 2169 quo
1294 2080 1524 2168 ubique
1542 2089 1859 2155 locorum,

402 2169 541 2243 Nisi
561 2176 923 2256 sanguinem
939 2176 1195 2237 sitientia
1225 2174 1487 2235 cudebat
1505 2175 1619 2233 tela
1635 2168 1984 2239 Vulcanus,

550 2263 691 2339 Nisi
709 2262 769 2345 sp
775 2264 938 2323 lcula
956 2261 1174 2323 Martis
1192 2260 1414 2321 ferocia
1432 2259 1840 2335 intorquebat,

671 2347 755 2413 Et
769 2349 894 2412 fine
911 2347 1160 2410 floribus
1178 2345 1326 2407 solas
1342 2345 1521 2406 dabat
1542 2342 1738 2426 lpinas

854 2433 1252 2497 Debacchata
1270 2429 1545 2494 Bellona.

735 2523 801 2588 O
815 2519 1096 2587 Labilem
1110 2535 1271 2582 terrae
1287 2514 1673 2580 felicitatem!

607 2603 706 2672 Ut
729 2625 999 2672 extremo
1024 2598 1337 2682 Bavaricae
1363 2597 1538 2666 Aula:
1567 2598 1832 2666 Gaudio

739 2694 1063 2757 Extremus
1078 2691 1459 2775 responderet
1481 2686 1774 2750 Luctus'

577 2778 763 2851 Hane
782 2780 1024 2864 Superis
1053 2773 1450 2861 gratiffimam
1481 2767 1821 2839 Malaciam
1837 2858 1877 2922 S

1854 2909 1858 2912 .
1882 2877 1948 2920 u»
