2034 3387
1452 116 1478 153 11
1497 115 1525 153 1*

114 234 202 272 ma
227 214 402 289 quavis
430 207 738 284 pretiosiores
760 209 813 263 in
837 210 1081 281 praediviti
1099 208 1373 266 obduxerat
1384 211 1593 270 scriniot‘

116 287 232 344 vere
252 289 416 341 lilium
442 287 569 336 inter
589 283 748 353 spinas
768 323 780 343 ,
801 282 923 336 cum
950 282 1176 336 aculeata
1199 286 1326 338 inter
1337 303 1594 338 tormenta

113 363 334 435 virginea
347 354 576 409 membra
590 356 892 408 versarentur
913 375 924 404 ε
964 354 1155 408 Lilium
1169 358 1391 426 puritatis
1401 359 1597 431 sangui·-¹

115 452 231 487 neas
251 432 399 483 etiam
424 428 661 480 rubuitin
673 429 815 479 rosas.
857 430 981 480 Non
992 427 1102 480 satis
1126 427 1283 481 fuerat
1305 431 1594 500 Principum

117 503 346 558 Maxime
358 501 533 553 terreni
551 500 858 570 Principatus
872 499 1087 552 rubuisse
1100 499 1383 572 chlamyde,
1396 501 1596 554 voluisti

116 576 302 629 cruoris
328 591 602 645 purpuram
631 572 837 643 adiicere
870 592 880 621 z
907 565 1152 624 nimirum
1184 588 1457 644 utrumque
1483 591 1599 644 pro-

113 647 322 701 meritus
351 663 567 718 regnum
598 645 958 716 temporarium
979 684 991 703 ,
1013 660 1254 696 aeternum
1291 643 1481 714 duplici
1515 645 1600 696 dea’

54 717 59 721 i
114 719 290 776 bueras
317 735 537 789 purpura
557 715 898 787 splendescere.
973 720 1102 768 Non
1122 732 1295 769 tamen
1314 714 1384 767 ita
1415 718 1468 768 in
1490 718 1602 769 inti-

115 790 365 846 mioribus
389 788 528 842 Aulae
548 788 802 841 recessibus
827 782 1065 841 delituere
1080 789 1291 862 insignia
1311 788 1507 859 pietatis
1520 806 1605 840 exc·

116 863 310 935 empla,
331 863 460 935 quin
485 865 616 914 extra
630 862 843 934 Regiam
858 861 903 912 se
914 861 1208 932 prodierint.
1281 864 1398 914 Mos
1420 859 1605 913 estlaua

116 934 389 988 datissimus
413 931 678 1004 Monachij
700 950 834 1005 quot
860 936 1001 985 annis
1023 935 1217 1006 rigente
1234 927 1402 985 adhuc
1423 934 1605 985 bruma

117 1024 205 1080 per
228 1007 562 1080 quadraginta
590 1005 828 1058 horarum
866 1006 1124 1059 intervalla
1161 1007 1214 1058 in
1240 1005 1436 1077 templo
1462 1007 1606 1058 Divo

117 1083 265 1133 Petro
282 1095 577 1149 nuncupato
597 1077 812 1150 publicis
833 1078 1058 1149 precibus
1086 1077 1327 1131 Numinis
1351 1078 1608 1135 Divinitaat

119 1168 225 1209 tem
237 1151 325 1203 sub
339 1150 590 1222 speciebus
605 1152 820 1204 venerari
845 1150 1188 1203 Eucharisticis
1207 1171 1216 1200 :
1239 1145 1361 1202 illuc
1378 1151 1606 1220 Princeps

119 1220 240 1279 Deo
259 1223 430 1293 plenus
453 1222 677 1275 mediam
699 1225 788 1276 sub
803 1227 1009 1275 noctem
1026 1225 1256 1296 neglecta
1283 1223 1498 1275 amictus
1523 1239 1608 1293 pe-

120 1294 469 1353 nula‚obviam
482 1295 861 1347 occurrentibus
883 1294 1008 1366 pene
1024 1296 1229 1368 ignotus
1257 1295 1302 1346 se
1324 1295 1471 1346 nudis
1494 1293 1607 1346 sub-³

120 1365 238 1422 mde'
252 1366 463 1437 pedibus
479 1365 701 1418 contulit
713 1405 725 1426 ‚
746 1367 893 1438 seque
914 1369 1071 1420 consti
1079 1369 1202 1437 paris
1221 1366 1505 1419 immiscens
1518 1384 1610 1437 po*

120 1437 365 1511 pulorum
399 1437 692 1509 frequentiis
715 1438 916 1490 nudum
948 1435 1088 1509 supra
1121 1437 1344 1509 lapidem
1369 1437 1613 1511 ingenua

122 1508 426 1583 provolutus
440 1511 494 1562 in
507 1512 678 1563 Deum
692 1510 850 1562 animi
867 1508 1173 1562 collectione
1185 1506 1313 1562 adeo
1338 1508 1439 1562 abri
1447 1510 1616 1581 pieba-

121 1599 228 1643 tur,
253 1598 306 1635 ut
327 1581 389 1635 ad
412 1581 559 1635 horas
580 1584 798 1657 integras
822 1582 996 1636 effusas
1019 1582 1378 1654 colliquescens
1399 1583 1452 1634 in
1475 1583 1618 1635 lactis·

121 1673 230 1710 mas
241 1654 453 1709 Divinas
477 1672 640 1726 preces
653 1655 961 1726 protraheret
987 1676 998 1705 2
1021 1658 1136 1707 Deo
1156 1653 1378 1726 apprime
1401 1655 1621 1729 agglutss

121 1741 269 1780 natus
289 1727 518 1798 Princeps
538 1726 601 1778 ab
628 1729 730 1797 ejus
767 1725 1043 1780 difficilime
1078 1725 1424 1800 sejungebatur
1454 1727 1620 1780 collo-n

124 1800 272 1872 quiis.
346 1802 519 1851 Nemo
531 1799 623 1858 est,
643 1800 731 1870 qui
746 1800 966 1872 ignoret,
989 1794 1151 1871 quam
1173 1799 1339 1851 sancte
1367 1800 1616 1873 integram

126 1873 239 1928 vitae
271 1870 538 1942 periodum
563 1869 747 1923 obierit
767 1910 778 1928 ,
808 1889 864 1922 ac
893 1870 1154 1939 probitatis
1182 1870 1395 1922 coluerit
1416 1872 1614 1923 inluta·-

124 1959 238 1998 tum
256 1943 394 2014 :quis
408 1940 626 1995 exactius
645 1940 866 1994 Ecclesrae
878 1942 1000 1993 ritus
1015 1959 1196 1992 omnes
1219 1941 1270 1992 in
1285 1942 1489 1994 Divinis
1509 1946 1614 2013 per-³

125 2015 333 2088 agendis
345 2014 656 2085 juffitservari
695 2020 708 2065 ?
748 2014 877 2080 Quis
909 2006 1183 2065 solemnius
1211 2012 1418 2086 fingulis
1440 2014 1616 2067 diebus

126 2086 256 2140 festis
287 2089 475 2139 Divina
497 2087 689 2139 curavit
722 2085 932 2156 persolvi
951 2082 1122 2137 officia
1141 2085 1203 2137 ad
1224 2084 1615 2157 elegantissimos

126 2157 337 2212 musices
361 2173 638 2211 concentus
660 2164 674 2208 ?
713 2158 842 2228 Qs
868 2156 1169 2229 frequentius
1195 2157 1337 2210 sacris
1357 2159 1612 2212 interfuit?

128 2230 259 2303 Qis
284 2230 336 2282 in
363 2229 703 2282 concionibus
728 2230 989 2282 audiendis
1019 2230 1182 2303 magis
1209 2229 1419 2282 affiduus
1447 2236 1461 2282 ?
1485 2231 1617 2297 Quis·

128 2296 367 2356 blandius
380 2302 582 2355 Aulicos
594 2301 843 2356 hilaritate
856 2300 1288 2361 allexit,modestia
1304 2303 1616 2374 composuit,

129 2393 185 2428 ac
199 2370 394 2428 suavius
411 2375 472 2427 ad
487 2374 682 2428 virtutis
698 2374 948 2428 accersivit
959 2375 1240 2447 magisteria
1254 2379 1268 2426 ?
1281 2376 1415 2441 Quis
1428 2377 1617 2428 indicta

131 2447 194 2499 ab
213 2445 422 2500 Ecclesia
442 2445 670 2499 fidelibus
682 2448 865 2518 jejunia
891 2446 1168 2500 custodivit
1188 2441 1411 2499 exactius
1434 2442 1535 2503 :ita
1555 2442 1619 2500 ad

132 2516 357 2572 libellam
376 2521 448 2572 exi
493 2538 620 2571 uum
634 2521 859 2573 tumebat
880 2519 1229 2578 obsonium‚ut
1250 2518 1501 2591 signatum
1514 2521 1616 2590 jam

134 2589 369 2644 dentibus
387 2538 829 2665 ipligratiffimum
852 2610 1074 2662 pomum
1098 2591 1331 2662 respuerit
1347 2630 1360 2652 ,
1400 2610 1463 2644 ne
1478 2591 1616 2664 supra

134 2661 468 2717 tenuiffimam
492 2665 821 2735 praescriptam
849 2663 1189 2738 frugalitatem
1226 2664 1507 2736 quidquam
1537 2664 1623 2715 de⁴

134 2733 335 2808 glutiret
361 2754 372 2784 :
397 2736 449 2788 in
464 2735 695 2809 pervigili
700 2739 740 2807 js
749 2737 971 2811 Virginis
984 2736 1165 2863 azanis
1177 2732 1306 2790 adeo
1323 2737 1619 2858 sever}ogem

1101 2825 1122 2868 3
1473 2827 1492 2857 ,ι
1535 2823 1552 2860 ι
