2034 3387
1445 107 1507 153 15

101 198 444 259 'construendis
454 198 771 272 occupatum.
782 195 1001 254 Probum
1017 200 1374 272 Imperatorem
1386 195 1577 276 ubique

100 276 336 331 locorum
353 279 552 333 Pontes,
568 271 784 345 Templa
804 307 817 334 ,
839 274 1061 327 Porticus
1080 275 1257 347 Regias
1280 275 1581 336 innumeris,

100 350 263 409 auri,a
352 340 487 399 ntive
498 346 981 415 sumptibuserexisse
998 385 1011 405 ,
1035 345 1385 401 multorumve
1410 349 1578 401 flumi-

99 439 233 475 num
250 437 286 471 ο
330 419 374 469 ia
393 415 687 488 patefecisse,
706 434 763 469 ac
784 416 986 488 paludes
1006 412 1275 470 exsiccasse.
1294 419 1583 492 Augustum

100 489 351 563 Apollinis
371 493 569 541 Fanum
587 488 649 540 ad
662 506 875 541 omnem
901 488 1157 541 absolvifle
1168 489 1470 563 elegantiam
1494 532 1507 552 ,
1526 493 1583 543 &

99 564 273 619 fotum
285 599 298 620 ‚
308 578 430 613 cum
449 561 550 613 aede
567 561 743 613 Martis
754 559 941 613 Ultoris
958 584 971 620 ς
990 560 1248 633 aedemque
1260 564 1485 616 tonantis
1496 565 1584 630 Jo-

98 635 245 689 visin
256 631 516 704 Capitolio
527 631 758 706 singulari
772 633 1091 686 construxisse
1103 632 1468 687 munificentia.
1498 638 1586 686 Fa-

96 722 210 760 teor
219 708 439 758 maxima
453 704 557 757 haec
570 708 813 757 Romanae
830 704 1002 778 gloriae
1022 722 1385 758 monumenta:
1405 704 1584 759 verum

95 779 292 849 majora
312 777 549 829 maximis
568 777 602 828 si
624 776 817 836 dixer0,
831 795 942 847 quae
965 782 1420 830 FERDINANDLIS
1451 784 1517 830 M
1527 782 1587 827 A-

97 852 174 902 RI
182 854 224 898 A
243 848 513 902 coelitibus
525 850 700 906 erexit,
720 848 894 901 Fidem
917 849 1165 902 adstruent
1176 850 1400 930 susceptat
1424 849 1592 903 laudis

99 921 433 980 incrementat
452 921 534 974 illa
545 920 791 992 siquidem
804 921 1045 992 Exempla
1066 924 1199 975 fuere
1212 923 1444 976 vanitatis
1460 944 1469 972 :
1483 920 1592 975 haec

97 1011 439 1047 monumenta
461 992 670 1046 Pietatis.
710 996 770 1045 Et
782 1011 845 1045 ne
871 993 1039 1046 videar
1064 993 1445 1065 prolixitateme
1463 995 1594 1047 Prius

98 1066 224 1138 cipis
257 1066 503 1119 edidicifle
539 1064 918 1138 magnificentia
938 1088 952 1124 3
984 1068 1175 1119 omitto
1209 1064 1593 1142 propugnacula

97 1155 161 1191 ex
199 1155 390 1216 ugnatu
414 1135 736 1195 difficillimas
760 1137 1008 1212 Repagula
1033 1137 1328 1192 validissima
1348 1140 1412 1192 ad
1433 1138 1591 1193 exteri

99 1157 277 1263 mizius
307 1208 614 1262 coercendos
642 1211 861 1280 impetus
885 1230 899 1268 3
935 1212 1135 1263 Moenia
1165 1210 1227 1263 ad
1249 1211 1593 1264 retundendos

99 1281 331 1352 quosque
354 1280 572 1333 hostium
600 1298 811 1333 conatus
834 1282 1081 1353 aptiffima
1101 1304 1115 1342 5
1137 1288 1310 1341 Arcess
1338 1287 1592 1362 Aggeres5

101 1351 393 1406 Munimina
415 1373 429 1410 3
450 1370 564 1423 quae
578 1353 836 1405 Brunduni
852 1353 914 1405 ad
927 1356 1059 1406 Ocni
1074 1355 1324 1427 margines
1334 1355 1593 1410 excitavit.

98 1424 309 1479 Omitto
340 1425 654 1496 Cettingana
676 1422 857 1477 Palatia
877 1426 928 1477 in
949 1425 1222 1478 Provinciae
1241 1426 1451 1496 speciem
1473 1444 1598 1494 con-¹

99 1495 284 1549 structa
305 1518 319 1553 5
344 1496 413 1548 Ni
418 1495 785 1569 phemburgica
816 1495 1022 1549 aedificia
1039 1536 1052 1557 ,
1080 1501 1183 1570 qua
1218 1498 1422 1569 picturis
1451 1534 1466 1559 ,
1488 1494 1596 1571 qu¹a

100 1571 394 1623 marmoreis
407 1567 1025 1642 crustisinfigniazejusque
1052 1569 1311 1644 aggrediar
1337 1571 1595 1624 Prudenti-

102 1658 216 1700 am,
246 1657 357 1713 quae
378 1640 806 1712 incomponendis
822 1640 1163 1695 diffidentium
1188 1642 1473 1715 Principum
1489 1644 1598 1696 ani-2

102 1713 201 1766 mis
221 1733 237 1769 5
259 1711 593 1783 provehendis
614 1713 829 1784 publicae
856 1714 1039 1786 quietis
1059 1714 1352 1767 commodis
1371 1714 1597 1768 maxime

102 1783 302 1842 enituit.
340 1788 462 1837 Non
475 1802 558 1837 me
568 1784 689 1838 latet
703 1788 991 1840 Homerum
1009 1787 1175 1839 virum
1196 1786 1460 1858 prudentia
1485 1786 1599 1859 pol·

103 1853 368 1915 lentem,ac
381 1856 594 1927 judicios
607 1871 663 1908 ut
673 1856 1065 1909 excellentiffimi
1092 1858 1323 1929 Principis
1343 1859 1599 1929 specimen

103 1927 668 2000 proponeret,affignasse
680 1926 750 1980 illi
763 1926 1087 1981 Confiliarios
1099 1929 1384 1983 maturitate
1394 1948 1483 2002 gra
1489 1948 1571 1983 ves
1580 1964 1598 1991 -,

103 1999 370 2070 prudentii
387 1999 602 2073 insignes
611 2039 624 2060 ,
641 2001 694 2053 ὅ(
715 2000 767 2051 in
780 1998 924 2052 rebus
935 1998 1141 2072 agendis
1150 2001 1373 2072 apprime
1386 2004 1597 2073 peritos:

104 2069 273 2143 neque
286 2071 571 2124 existimasse
584 2071 797 2143 perfecta
807 2072 1042 2143 Principis
1065 2071 1310 2148 dignitate
1329 2074 1478 2145 potiri
1498 2078 1597 2128 Re·

103 2161 223 2223 gem
234 2144 262 2195 s
255 2161 380 2195 uum
394 2148 834 2217 Agamennonem,
843 2143 932 2196 nifi
953 2144 1214 2198 Nestorem
1224 2145 1473 2199 accivisset
1484 2187 1496 2207 ,
1506 2164 1597 2201 cue.

103 2234 182 2288 jus
203 2217 276 2268 uti
300 2217 454 2286 posset
471 2214 686 2268 consilio
705 2235 717 2266 ε
735 2217 910 2288 parum
929 2214 1092 2286 ajebat
1112 2215 1333 2289 prodesse
1354 2219 1597 2290 Principi,

105 2287 189 2342 vel
209 2287 492 2340 animosum
522 2285 1180 2360 Achillem.velclypeatum
1194 2294 1421 2361 Ajacem,
1445 2290 1525 2345 vel
1546 2308 1597 2344 e-

146 2359 343 2432 regium
364 2359 689 2431 jaculatorem
706 2365 984 2420 Teucrum,
998 2361 1079 2415 vel
1099 2361 1356 2415 strenuum
1377 2363 1595 2416 Diome⁶

107 2378 252 2491 gem,
264 2429 356 2484 nisi
368 2450 501 2485 viros
519 2431 754 2485 adhibeat
764 2431 978 2485 confilio
1000 2437 1158 2486 claros
1179 2473 1192 2494 ‚
1212 2435 1338 2486 acin
1351 2434 1496 2487 rebus
1508 2435 1596 2488 de-

110 2500 375 2556 liberandis
386 2504 649 2576 prudentes
668 2523 683 2560 :
716 2505 867 2578 idque
885 2506 1168 2577 assequutus
1188 2507 1482 2560 Antoninus
1498 2508 1597 2574 lma·

111 2591 306 2645 perator
320 2575 454 2648 apud
472 2575 666 2641 lulium
685 2575 1041 2648 Capitolinum
1062 2617 1077 2640 ,
1097 2582 1288 2647 AEquiu'rs
1302 2583 1384 2650 est,
1404 2578 1593 2653 inquit,

113 2666 163 2696 ut
176 2665 244 2714 ego
257 2663 319 2696 tot
337 2657 562 2699 amicorum
575 2652 913 2718 constitafiquaer,
933 2650 1067 2719 qusint
1085 2671 1136 2701 ut
1155 2663 1219 2701 tot
1236 2670 1367 2701 meam
1377 2660 1504 2704 unius
1513 2671 1593 2704 vo*

115 2721 755 2791 luntatemfiquantur.Laetea
766 2717 867 2776 huc
877 2718 1116 2779 debuisset
1126 2722 1350 2798 longaevi
1366 2725 1592 2847 Nepotis

968 2807 998 2851 G
1423 2815 1447 2848 e
1469 2814 1525 2847 ο·
