2081 3372
407 95 470 135 Π

339 202 607 289 Integras
621 198 975 284 quaffarunt
989 201 1176 284 prop-e
1192 196 1583 283 naufragium
1608 201 1993 274 Provincias·

887 285 1134 368 Ubique
1161 305 1453 365 terrarum

518 432 520 435 ,
582 371 942 438 Reboarunt
958 368 1433 457 bombardarum
1450 377 1742 447 tonitrua,

640 459 778 524 Nec
796 461 942 521 alias
956 456 1254 526 dederunt
1267 456 1433 523 terris
1443 458 1706 545 pluvias,

883 542 1099 627 Qarn
1127 541 1448 626 sanguinis

751 630 801 695 F
804 634 1029 694 urentis
1046 633 1309 693 fulmina
1326 630 1599 696 Bellonae

692 718 946 800 Ubique
977 717 1185 786 caedes,
1213 720 1440 800 ubique
1456 722 1653 783 clades

472 802 900 890 Impress'erunt
916 822 1214 873 cruentas,
1231 823 1545 888 patrarunt
1568 826 1867 877 enormes,

523 893 606 957 Et
622 893 911 974 satae2quae
927 892 1170 953 fuerant
1187 890 1395 954 sauciis
1413 894 1807 956 cadaveribus

713 976 762 1040 F
765 999 959 1039 eraces
979 976 1298 1039 Amorum
1323 981 1619 1062 planities,

505 1065 640 1130 Nisi
659 1067 865 1127 ferales
882 1067 1415 1147 progerminarunt
1432 1068 1497 1127 in
1512 1065 1836 1148 cupressus,

341 1153 631 1220 Caedebat
659 1153 872 1213 omnia
899 1151 1133 1231 gladius
1152 1196 1169 1219 ,
1196 1153 1493 1213 cedebant
1528 1152 1740 1212 omnia
1769 1150 1998 1234 gladio,

585 1236 651 1301 N
658 1256 743 1299 on
761 1238 1038 1300 Martem
1056 1239 1121 1298 in
1148 1239 1310 1299 terris
1327 1256 1704 1320 pugnantem
1721 1281 1741 1305 3

710 1406 712 1408 Ι
864 1321 984 1386 Sed
1001 1323 1227 1407 Jovem
1247 1322 1472 1387 diceres

477 1413 686 1476 Etiam
702 1409 959 1474 Titanas
976 1429 1108 1472 non
1126 1407 1384 1493 impune
1399 1411 1851 1473 fulminantem.

426 1496 925 1564 PlumbeamHic
943 1492 1195 1559 excuffit
1210 1497 1284 1558 de
1300 1495 1512 1578 sagulo
1529 1498 1912 1578 grandinem,

585 1587 746 1664 Quae
761 1606 825 1646 in
839 1583 1185 1646 subitariam
1204 1584 1406 1645 furens
1426 1586 1759 1667 procellam

383 1670 788 1736 Immaturam
832 1687 971 1751 ante
1019 1669 1405 1731 vindemiam
1431 1671 1714 1756 protrivit
1738 1669 1950 1731 Vitam.

451 1758 718 1842 Qotiefls
735 1776 1012 1839 tempora
1029 1758 1246 1818 talibus
1274 1755 1412 1833 sunt
1428 1757 1589 1819 foeda
1606 1757 1889 1822 nubibus,

666 1840 802 1917 Nisi
818 1845 1240 1924 lacrymarum
1271 1841 1672 1925 cataclysmi,

579 1928 704 1992 Vel·
728 1930 955 2013 pluviae
984 1930 1374 2011 expectentur
1405 1928 1747 2010 sanguinea:
1794 1954 1800 2002 j

439 2013 542 2083 Ad
558 2018 715 2079 orbis
735 2014 1089 2098 perniciem,
1106 2015 1180 2075 ad
1199 2015 1535 2077 hominum
1553 2017 1883 2080 interitum.

722 2100 908 2164 Hisce
927 2102 1205 2184 procellis
1235 2101 1628 2164 saevientibus,

553 2220 563 2228 ··
621 2181 1087 2251 Prudentiffimi
1131 2186 1387 2249 Solertia
1412 2187 1713 2269 Principis

572 2273 730 2338 Non
759 2274 1024 2358 turgidas
1044 2271 1243 2335 solum
1263 2275 1452 2335 nubes
1469 2272 1762 2337 coe'rcuit,

513 2356 616 2426 Ne
636 2362 904 2438 Boiarici
934 2356 1101 2423 Coeli
1123 2360 1451 2423 foedaretur
1482 2358 1812 2430 Serenitas;

484 2445 744 2512 'Verum
773 2448 1184 2531 septennalem
1214 2445 1514 2530 impendit
1543 2447 1834 2514 laborem,

798 2538 957 2618 Qio
974 2555 1289 2596 armorum
1306 2551 1507 2596 motus
1521 2576 1539 2600 ,

338 2623 583 2706 Qibus
601 2622 883 2693 universa
905 2616 1359 2770 propgnglodum
1391 2618 1723 2682 fludluabat
1739 2617 1991 2702 Europa
2046 2689 2048 2691 ,

494 2738 496 2741 ·
1097 2729 1126 2768 e
1175 2723 1314 2771 aret.

1825 2789 1908 2854 Et
