2137 3377
370 148 471 199 ³20

658 259 792 321 Viri
812 258 1010 324 fortes,
1031 257 1136 337 qui
1154 258 1307 318 nulli
1325 258 1573 325 cedunt,

358 345 497 424 Nec
513 348 839 408 fleciuntur
858 345 1226 410 blandismee
1244 347 1609 424 franguntur
1624 345 1876 411 sinistris,

524 427 1164 494 FERDINAND
1188 427 1306 491 US
1372 430 1717 493 MARIA

723 515 1080 596 Principum
1100 510 1476 576 Fortiffimus
1493 565 1511 587 ,

511 602 682 684 Quia
698 602 1156 663 adamantinam
1175 603 1366 661 animi
1383 603 1732 667 firmitatem

616 688 763 754 Reci
769 688 1072 770 procantis
1091 686 1373 747 Fortunae
1391 688 1628 750 ausibus

829 770 1080 855 Semper
1096 774 1409 834 obiecerat.

749 855 910 941 Qiae
939 857 1183 920 adversa
1202 860 1510 939 contigere

388 937 766 1009 Exercitium
782 942 1075 1007 duntaxat
1092 946 1177 1006 illi
1192 946 1575 1027 prcebuerunt
1593 948 1829 1010 virtutis
1848 993 1866 1017 ,

803 1027 869 1094 N
876 1031 1151 1114 unquam
1182 1033 1456 1100 exitium,

651 1114 986 1199 Impetente
1009 1118 1264 1198 Regiam
1283 1116 1332 1175 V
1351 1119 1576 1178 ulcano
1593 1163 1610 1185 ‚

490 1201 587 1268 Ac
607 1202 1074 1266 discurrentium
1092 1204 1354 1265 exercitu
1379 1204 1773 1267 flammarum

658 1287 921 1352 Pretiosa
940 1310 1195 1371 quaeque
1214 1289 1566 1372 depascente
1583 1334 1601 1357 ,

470 1371 598 1440 Ubi
613 1374 687 1437 ad
706 1373 857 1439 saeva
872 1376 1157 1438 incendia
1176 1374 1584 1457 liquescebant
1606 1373 1810 1439 Ceteri

927 1461 999 1525 In
1020 1465 1336 1545 lacrymas,

578 1543 732 1610 Risit
760 1546 879 1631 ipse
906 1549 1142 1610 loricati
1169 1549 1360 1609 animi
1389 1547 1696 1611 serenitate

608 1633 1000 1717 Praepotentis
1017 1633 1387 1716 Aggressoris
1404 1652 1681 1701 conatus,

423 1718 691 1802 Orisque
707 1721 1006 1784 hilaritate
1023 1722 1267 1782 nubilos
1286 1720 1579 1782 serenavit
1595 1722 1831 1784 animos
1846 1762 1865 1789 2

516 1804 920 1888 Lacfymis've
949 1805 1208 1889 perfusas
1225 1805 1546 1871 exsiccavit
1573 1827 1768 1887 genas,

449 1891 834 1969 Asbestinum
849 1893 1117 1961 imit-atus
1134 1890 1420 1974 Princeps
1446 1890 1496 1953 F
1501 1887 1825 1957 ortiffimus

557 1977 720 2055 Inter
746 1979 1024 2053 flammas
1041 1979 1318 2046 induruit
1346 1978 1735 2061 splendidior.
1907 1986 1909 1989 ’

614 2063 863 2142 Poterat
877 2063 1149 2133 Fortuna
1169 2064 1429 2147 Regiam
1455 2067 1677 2147 eripere

665 2149 1018 2234 Nunquam
1033 2153 1318 2219 animum
1336 2151 1621 2231 Regium.

630 2233 762 2300 Ubi
791 2237 969 2300 Mors
998 2238 1211 2305 invida
1240 2239 1471 2301 vibrata
1489 2237 1643 2297 falce

530 2318 604 2397 In
620 2323 748 2406 ipso
762 2327 950 2388 aetatis·
962 2345 1103 2387 vere
1121 2317 1543 2390 suaviffimum
1559 2321 1770 2385 florem

327 2486 673 2571 HENRIE
988 2408 1332 2473 Demeffim
1491 2492 1674 2558 DEL
1740 2490 1979 2558 IDEM

729 2584 777 2644 A
792 2579 1186 2646 matiffimam
1205 2580 1572 2662 Coniugem.

530 2661 778 2742 L‘cthali>
791 2672 940 2732 huic
955 2669 1320 2738 adversantis
1337 2667 1387 2730 F
1389 2685 1624 2730 ortunae
1641 2668 1786 2729 ietui

591 2750 781 2828 Tales
799 2758 1123 2825 obiiecerat
1140 2756 1384 2820 Amoris
1400 2753 1676 2815 flammas
1689 2799 1707 2822 ,

1726 2840 1898 2921 Qas
