2034 3387
1490 107 1536 157 ⁴9

135 215 346 271 assuetus
366 207 592 268 moribus
613 204 824 260 liliatam
845 203 1063 279 praetulit
1097 207 1444 265 innocentiam
1466 252 1480 273 ,
1507 212 1615 286 qua

135 290 376 343 omnium
401 282 601 336 animos
621 279 684 332 ad
707 281 823 334 vitae
844 277 1012 332 allexit
1032 282 1337 344 candorem5
1368 286 1613 339 omnium

133 359 364 414 defideria
383 354 444 407 ad
467 354 662 424 pietatis
687 354 826 406 flexit
849 352 1159 406 incrementa
1180 376 1195 413 3
1224 358 1463 411 omnium
1492 357 1614 410 affe-

134 434 304 486 &usin
316 431 488 482 Deum
500 426 763 479 convertit.
834 426 1045 477 Utinam
1064 425 1126 477 ad
1148 424 1297 499 hujus
1318 430 1614 502 Imperantis

133 499 419 573 exemplum
434 515 572 552 totus
590 495 752 550 fuisset
763 512 945 550 terreus
955 498 1091 550 orbis
1103 501 1414 571 compositus
1430 523 1441 552 :
1458 518 1616 574 quam

132 576 375 630 virtutum
396 569 791 625 suaveolentiam
817 568 1059 622 redoleret
1087 578 1273 643 ?quam
1299 574 1494 643 pietatis
1514 575 1618 642 cul—j

128 664 297 701 turam
320 644 571 698 exhiberet
609 648 623 694 ?
663 646 782 696 Haec
801 645 914 694 sunt
932 681 946 702 ,
971 660 1082 714 quae
1105 643 1406 698 aemulentur
1432 650 1618 720 Reges3

128 721 392 775 imitentur
405 717 652 787 Principes
680 716 974 787 ssequantur
994 717 1178 769 Duces,
1251 719 1381 770 Non
1399 736 1482 770 me
1495 718 1618 773 latet

128 790 456 847 Asbestinum
469 789 779 860 Olympium
794 786 950 840 veluti
975 787 1192 841 stadium
1202 790 1256 842 in
1268 808 1390 862 pyra
1407 795 1619 844 nactum

128 864 350 918 flammis
362 861 758 932 circumseptum
776 859 1034 913 candicare
1049 858 1348 935 splendidius
1360 901 1373 923 ,
1384 863 1618 917 coronari

129 932 391 1009 pulchrius
423 953 438 991 z
477 937 670 986 Aurum
701 948 1036 1004 purpuratum
1070 933 1398 988 metallorum
1421 939 1615 1008 Regem

128 1008 361 1081 subjectis
382 1005 588 1081 ignibus
609 1007 811 1079 purgari
830 1004 1057 1058 nobilius
1069 1045 1082 1067 ,
1094 1006 1399 1079 triumphare
1410 1006 1590 1060 clarius
1605 1028 1617 1059 :

129 1081 426 1136 Arethusam
450 1096 534 1150 per
553 1078 690 1130 salsas
714 1078 929 1150 aequoris
950 1077 1111 1131 undas
1129 1080 1193 1132 ad
1215 1079 1402 1154 longos
1425 1085 1616 1133 tractus

129 1153 413 1207 innocuam
426 1148 918 1210 devolvi,dulcorem
930 1151 1116 1205 servare
1145 1177 1156 1205 :
1194 1152 1414 1206 Palmam
1435 1154 1614 1207 trium-

130 1225 245 1298 phis
265 1223 513 1277 celebrem
533 1223 661 1275 inter
678 1221 874 1295 sylvarfi
895 1223 1102 1276 dumeta
1121 1224 1276 1277 satam
1297 1225 1614 1280 delicatiores

129 1296 505 1369 progerminare
517 1293 929 1351 fructusdatiores
940 1295 1158 1349 diffundi
1180 1298 1233 1349 in
1254 1316 1443 1350 ramos:
1456 1299 1614 1361 Emiss

129 1369 208 1422 sos
228 1370 256 1420 e
270 1365 385 1421 Sole
400 1366 567 1419 radios
586 1366 808 1418 caenosos
835 1367 1157 1420 sordescentis
1180 1369 1370 1422 telluris
1391 1372 1616 1423 tramites

129 1438 272 1495 nulla
291 1441 550 1493 commeta
573 1436 686 1490 labe
706 1437 925 1491 traiicere
945 1460 955 1489 :
985 1439 1151 1492 forent
1174 1439 1283 1492 haec
1300 1441 1614 1495 mundissimi

127 1511 366 1584 Principis
378 1508 802 1570 Emblemata‚nis1
812 1509 1148 1582 spectaculum
1159 1506 1318 1588 longe
1338 1512 1619 1588 elegantius

130 1582 430 1637 exhibuisset
446 1578 595 1641 3ci1m
609 1582 913 1639 innocentiae
927 1584 1108 1638 florem
1117 1602 1204 1656 per
1215 1585 1430 1660 singulas
1455 1587 1618 1654 fluenq

131 1658 196 1711 tis
207 1657 320 1710 vitae
335 1655 567 1728 periodos
581 1654 613 1707 a
625 1655 804 1727 quavis
823 1654 1097 1710 custodivit
1118 1656 1230 1710 labe
1251 1680 1266 1718 3
1287 1651 1410 1713 cum
1431 1663 1619 1732 purita-

131 1745 238 1783 tem
256 1769 268 1789 ,
289 1747 447 1802 quam
458 1726 718 1780 cumlaCte
738 1728 928 1781 suxerat
938 1747 1047 1781 non
1058 1729 1249 1784 minuit
1265 1770 1279 1791 ,
1315 1730 1395 1784 sed
1416 1732 1617 1802 adjecto

130 1801 271 1856 auxit
281 1817 487 1854 morum
501 1799 717 1853 candore
738 1822 753 1859 3
790 1798 912 1853 cum
931 1802 1117 1855 mentis
1135 1802 1446 1874 receptacula
1457 1805 1618 1858 defoe-‘

130 1874 254 1926 catis
265 1870 515 1926 duntaxat
528 1872 1024 1944 refertaimaginibus
1048 1871 1077 1924 a
1092 1892 1246 1943 prava
1267 1879 1443 1945 quavis
1464 1877 1619 1948 sejune

133 1946 206 1998 xit
217 1944 536 1999 obscenitatis
551 1942 804 1997 nubecula
825 1965 840 2001 3
871 1943 988 1995 cum
1004 1944 1235 1998 saeviente
1258 1945 1416 2000 ferreo
1437 1947 1618 2002 saeculo

132 2015 468 2088 triumphavit
488 2016 587 2087 ipse
608 2033 799 2069 aureus.
833 2013 1058 2068 Affeetus
1076 2034 1259 2069 omnes
1278 2019 1488 2073 Rationi
1509 2039 1618 2093 per-

131 2083 408 2148 duellesjth
420 2087 670 2147 cohibuit,
680 2105 738 2140 ut
749 2087 941 2141 asserere
954 2107 1065 2141 non
1084 2087 1357 2144 dubitarim
1375 2093 1619 2160 jaculato-

131 2179 240 2215 rem
262 2160 572 2228 Cupidinem
603 2160 873 2213 vistoriam
893 2179 1109 2214 omnem
1130 2161 1440 2235 desperatum
1473 2164 1618 2220 nulla

132 2233 275 2287 suisle
297 2233 471 2286 ausum
495 2232 550 2284 in
569 2232 730 2304 ipsum
753 2232 940 2304 spicula
955 2233 1261 2307 intorquere.
1335 2237 1505 2290 Fidem
1531 2239 1621 2293 vix

132 2305 260 2360 rnihi
281 2304 605 2359 conciliarem
623 2345 636 2365 ‚
660 2305 752 2358 nisi
780 2306 922 2359 testes
952 2307 1100 2360 omni
1126 2307 1378 2379 probitate
1400 2309 1618 2384 insignes

133 2377 327 2448 possem
342 2379 639 2450 producere,
650 2380 736 2449 qui
750 2379 893 2432 raetis
905 2379 998 2433 aris
1009 2379 1215 2435 asserant
1238 2385 1620 2436 FERDINAN-

134 2451 303 2503 DUM
334 2453 623 2504 MARlAM
648 2450 927 2506 Electorem
949 2468 1065 2505 toto
1095 2453 1209 2506 vitae
1228 2454 1432 2507 decursu
1456 2495 1470 2514 ,
1495 2454 1562 2507 ita
1584 2456 1621 2508 'a

136 2522 417 2576 venialibus
447 2522 624 2576 cavisle
646 2521 848 2577 offensis
869 2566 881 2585 ,
907 2541 962 2578 ut
985 2542 1255 2598 nunquam
1276 2525 1425 2579 fuerit
1447 2526 1622 2581 lethali

136 2592 306 2647 scelere
319 2594 612 2650 maculatus.
652 2595 781 2649 Felix
794 2598 1129 2671 Princeps‚qui
1145 2599 1371 2652 cistemas
1387 2597 1623 2672 volupta-

139 2682 251 2718 tum
263 2666 509 2740 diffipatas
520 2686 786 2741 nunquam
800 2669 954 2725 sitivit
973 2692 988 2728 5
1025 2674 1113 2743 qui
1133 2687 1298 2726 totam
1319 2669 1390 2725 ita
1401 2671 1619 2725 instituit

138 2738 253 2792 vitae
269 2742 532 2810 periodum
549 2780 564 2805 ,
586 2759 645 2797 ut
655 2747 783 2800 mori
795 2744 968 2799 mallet
985 2761 1177 2871 ,enam
1188 2744 1368 2800 foedari
1379 2766 1395 2805 3
1410 2745 1495 2869 qgi
1511 2744 1619 2796 ille·>

1076 2836 1108 2874 2
1386 2834 1443 2870 ce
1480 2831 1554 2868 ra-
