2111 3377
352 112 481 152 2112

568 218 949 292 Solertiffimi
968 222 1224 285 Pastoris
1241 226 1435 286 obivit
1452 247 1700 298 munus,

709 311 965 390 Vigilias
983 309 1174 370 noctis
1190 311 1524 372 custodivit
1537 356 1556 379 ,

637 397 730 461 Ut
747 394 1000 478 impune
1017 393 1389 475 quiescerent
1407 395 1649 479 Populi,

491 484 590 548 Eo
608 486 707 547 vel
724 501 993 564 tempore
1011 524 1028 548 ,
1046 500 1174 561 quo
1190 501 1503 544 armorum
1520 488 1782 549 motibus

670 567 1055 632 Christianus
1071 568 1405 647 agitabatur
1421 567 1620 633 Orbis,

712 655 775 717 Si
794 650 1110 736 Europam
1127 672 1273 713 cum
1290 653 1571 722 Oceano,

634 742 972 804 Armorum
989 758 1190 800 motus
1205 760 1350 800 cum
1365 737 1646 805 fluetibus
1663 790 1680 811 ,

365 830 791 912 Pugnantium
811 824 1081 907 strepitus
1098 846 1239 886 cum
1259 824 1606 889 sonantibus
1621 836 1919 912 procellis,

765 908 847 977 Et
862 910 1036 974 caesos
1053 931 1197 973 cum
1214 914 1521 994 naufragis

985 995 1304 1067 ConferaS.
1376 1076 1379 1079 X

322 1089 653 1158 Bavariam
686 1085 962 1167 procellis
991 1080 1482 1166 quaquaversum
1507 1085 1968 1173 circumseptam

657 1169 1095 1234 Inconcuffum
1114 1171 1300 1233 dicito
1315 1169 1659 1251 scopulum,

509 1259 592 1325 Et
608 1276 676 1322 ut
689 1256 1063 1340 Symbolum
1079 1256 1348 1319 absolvas
1363 1257 1516 1319 adde
1529 1255 1790 1324 Lemma

932 1343 1161 1407 immotus
1172 1348 1222 1405 in
1232 1361 1382 1412 motu*

600 1428 770 1494 Felix
789 1430 922 1505 ssav
931 1429 1052 1490 aria
1071 1430 1232 1490 hanc
1248 1427 1421 1491 debes
1436 1428 1693 1508 gloriam

741 1514 872 1578 Tui
887 1516 1237 1596 Vigilantiae
1258 1514 1554 1596 Principis
1569 1558 1588 1583 ,

670 1601 942 1664 Tametsi
960 1620 1160 1664 extero
1179 1603 1395 1664 vallata
1415 1603 1628 1668 milite,

631 1687 1011 1750 Incurssones
1037 1705 1243 1750 tamen
1262 1734 1279 1756 2
1307 1708 1375 1748 ac
1393 1686 1674 1750 stationes

664 1773 1085 1857 Hybernantis
1102 1772 1372 1836 Bellonae
1386 1774 1640 1841 evasisti,

451 1861 734 1942 Qaeque
751 1856 1008 1943 poffides
1025 1861 1207 1929 Auri,
1223 1857 1556 1940 Argentive
1570 1860 1839 1943 pondera

735 1944 884 2009 Alio
904 1947 1074 2008 Mars
1089 1968 1220 2009 non
1235 1946 1579 2029 asportavit,

477 2030 680 2097 Nullo
696 2035 925 2096 violata
943 2034 1099 2095 ferro
1114 2033 1386 2115 virginea
1401 2029 1604 2096 adhuc
1619 2034 1822 2117 prodis

935 2117 1107 2183 Pacis
1125 2120 1370 2190 foedera.

519 2205 807 2271 Cruentis
829 2201 1261 2269 Nocentiffimi
1279 2205 1473 2267 saeculi
1489 2206 1789 2269 laboribus

691 2293 1037 2354 Innocuam
1053 2292 1317 2354 obiecisti
1335 2296 1617 2372 quietem.

592 2378 813 2442 Grates
835 2379 1093 2462 repende
1111 2379 1403 2440 defuncto
1419 2375 1689 2459 Principi
1704 2419 1724 2445 ,

732 2467 865 2548 Qui
885 2465 1151 2527 moribus
1167 2464 1580 2545 integerrimus
1637 2494 1639 2496 ·

566 2547 777 2613 Caedes
794 2598 811 2619 2
840 2552 1252 2614 mutilationes
1281 2550 1487 2611 oderat
1516 2568 1742 2610 omnes,

540 2634 902 2699 Innocentia
931 2638 1226 2699 candidus
1243 2682 1260 2705 ‚
1286 2657 1490 2698 amore
1518 2634 1782 2695 candens

651 2721 866 2787 Effuso
882 2726 1082 2787 noluit
1096 2725 1388 2787 infectum
1403 2741 1615 2785 cruore
1629 2765 1648 2788 ,

1677 2806 1886 2891 Quem
