2168 3377
373 92 403 145 '²1‘
414 103 489 154 40

488 218 699 304 Jurgia
723 213 1129 295 extingueres,
1163 205 1400 273 diffidia
1428 213 1780 287 eradicares,

623 300 816 367 Hisce
833 296 985 362 vero
1004 299 1069 359 in
1088 295 1260 359 Orbe
1276 299 1644 378 vigentibus,

653 388 780 451 Vix
802 385 837 448 ὲ
858 386 1126 448 millibus
1141 404 1342 444 unum
1359 387 1614 469 excipies

827 477 886 535 A
903 471 1097 551 jurgiis
1116 470 1465 530 immunem

401 560 454 628 F
455 555 1136 704 ERDINANDUAQ
1119 553 1499 649 MARIAM
1517 556 1876 625 Eled'torern.

1142 662 1196 702 1c

496 733 604 799 Ad
624 728 1096 815 componendos
1128 722 1542 790 diffidentium
1561 741 1792 797 animos

825 818 886 880 A
902 812 1047 876 Deo
1068 825 1225 876 terris
1242 812 1414 874 datus
1431 856 1449 880 ,

542 904 768 990 Jurgia,
784 923 919 986 quae
932 901 1186 968 sedavit,
1198 898 1521 981 nunquam
1537 898 1746 975 sentiit.

722 986 1036 1054 Nimirum
1052 988 1318 1069 olympo
1340 985 1554 1048 celsior

874 1073 1097 1138 Praeter
1118 1071 1355 1141 Deum,

672 1163 891 1245 Qem
904 1159 1079 1243 supra
1095 1170 1305 1221 omnia
1330 1157 1624 1228 coluerat,

649 1246 871 1311 Cetera
886 1292 903 1316 ,
925 1267 1060 1329 quae
1086 1246 1356 1307 mundus
1372 1245 1642 1308 exhibet,

826 1334 1002 1416 Qia
1020 1328 1403 1394 habuitinfra
1419 1327 1475 1392 se

506 1418 908 1486 Serenitatem
919 1420 1114 1483 animi
1138 1413 1433 1481 divinitus
1450 1416 1797 1484 irradiatam

736 1507 1211 1571 Obnubilarunt
1236 1500 1592 1583 nunquam,

535 1591 622 1661 Et
646 1594 914 1659 tonantis
939 1590 991 1655 F
993 1610 1228 1656 ortunae
1244 1588 1536 1676 procellas
1563 1608 1781 1653 omnes
1836 1622 1838 1624 v

1054 1675 1254 1741 Irrisit.
1466 1759 1474 1763 ,
1503 1755 1515 1762 ἃ

636 1761 768 1829 Cui
784 1763 956 1827 Deus
984 1765 1224 1831 arridet,
1240 1767 1458 1827 omnia
1474 1764 1676 1827 irridet

941 1846 1127 1911 Extra
1145 1843 1376 1911 Deum.
1453 1882 1457 1886 ,
1687 1879 1690 1882 ⁴

822 1932 1038 1999 Tonet
1051 1934 1117 1993 in
1132 1932 1317 1993 furias
1335 1935 1487 2001 aista,

520 2017 820 2083 Fulmina
852 2020 1119 2102 minetur
1146 2017 1520 2084 debacchata
1538 2016 1816 2087 Fortuna

483 2104 633 2185 Ejus
661 2106 824 2168 vices
858 2101 1216 2169 inconcussa
1245 2104 1444 2171 vincit
1475 2104 1841 2173 constantia.¹

466 2192 553 2258 Et
579 2189 919 2276 Conchyle
937 2191 1256 2278 pretiosam
1270 2195 1585 2254 unionum
1600 2211 1860 2258 matrem

976 2340 985 2348 ,
1022 2278 1320 2348 Imitatus,
1426 2285 1432 2290 '
1466 2328 1472 2333 .,
1535 2285 1539 2288 ’

715 2364 1006 2428 Tonente
1024 2368 1291 2450 procella
1312 2364 1634 2448 margarita

652 2450 1063 2516 Nobiliorum
1085 2454 1333 2515 enititur
1355 2455 1676 2516 virtutum.

428 2537 653 2603 Saeviat
670 2537 1055 2608 Mars,caedes
1072 2540 1381 2621 imprimat
1395 2538 1685 2621 sanguine
1699 2540 1909 2613 foedas

808 2625 1085 2688 Vulnera
1100 2625 1221 2709 ipsa
1238 2627 1537 2693 vulneret,

489 2708 767 2793 Nullum
780 2729 1021 2799 veretur
1047 2713 1400 2797 integritatis
1415 2712 1780 2860 detrimergu
1788 2736 1866 2775 m.

1055 2847 1059 2850 -
1737 2818 1910 2863 ruen-²
