2153 3377
383 105 484 151 114

728 467 770 524 ἒ
811 461 865 527 L
909 466 956 526 O
1002 460 1064 520 G
1108 462 1145 521 I
1182 457 1242 523 U
1289 459 1384 524 M
1467 461 1504 521 I
1508 463 1579 522 X.
2028 441 2036 448 ’

324 614 358 669 F
372 609 412 664 E
426 608 469 662 R
481 610 530 661 D
544 608 564 659 1
578 609 629 660 N
643 608 684 659 A
695 608 797 659 ND
809 605 854 654 U
867 604 897 654 S
934 603 997 654 M
1010 604 1052 655 A
1065 604 1106 653 R
1117 601 1138 653 Ι
1151 602 1193 652 A
1214 600 1443 672 Princeps
1457 599 1736 672 puriffimus
1747 597 1816 652 ita
1829 591 2004 652 letha·‘

397 686 468 740 les
492 683 663 760 (βῶκα
675 694 906 740 noxas‚ut
918 697 1039 732 cum
1062 678 1174 751 ipsis
1195 679 1464 752 nunquam
1485 680 1652 733 foedus
1672 680 1849 740 inierit,
1861 679 1989 752 quin

402 761 570 835 imino
590 765 621 818 a
644 761 922 819 levioribus
943 762 1096 815 etiam
1119 763 1250 817 cavit
1266 798 1281 822 -,
1311 781 1421 835 quae
1439 763 1647 817 subinde
1673 761 1991 836 gravioribus

399 840 540 906 vliam
560 850 796 902 sternunt.
839 841 996 915 quue
1013 838 1396 917 laudedigniim
1416 863 1525 918 quo
1538 846 1593 898 in
1614 844 1838 917 Principe
1850 860 1995 910 com-¹,

402 921 576 988 niodis
599 928 841 984 omnibus
858 925 1137 979 cumulato.

679 1055 1649 1123 EMBLEM'A.

341 1196 712 1273 Chrystallinus
728 1193 859 1246 Fons
878 1185 1103 1262 limpidis
1123 1187 1318 1243 ‘emissus
1336 1183 1610 1244 laticibus-e
1622 1183 1800 1262 patulo
1818 1185 2006 1243 Leonis

418 1294 639 1354 gutture.
674 1274 944 1327 Puritatem
967 1273 1120 1324 etiam
1141 1269 1384 1343 designari
1409 1290 1496 1343 per
1519 1271 1721 1326 viv1dos
1741 1312 1754 1332 ,
1771 1289 1829 1324 ac
1848 1268 2007 1343 pellu-

414 1361 558 1416 cidos
586 1359 865 1412 emanantis
885 1354 1041 1407 fontis
1064 1354 1230 1406 latices
1251 1353 1509 1408 adstruunt
1525 1359 1642 1408 ”non
1664 1354 1830 1408 Pauci.
1883 1356 2011 1406 Sunt

423 1442 652 1496 fontium
681 1439 991 1492 decurrentes
1022 1434 1172 1489 rivuli
1200 1435 1410 1507 persaepe
1448 1435 1797 1490 candidiffimae
1839 1438 2013 1491 matris

413 1537 529 1576 non
549 1519 809 1595 degeneres
830 1516 940 1576 filii..
1007 1517 1301 1589 Gignuntur
1326 1509 1535 1568 subinde
1559 1535 1620 1569 ex
1643 1515 1873 1576 nivibus,
1902 1529 2014 1587 quae

418 1600 535 1657 solis
553 1601 764 1672 trajeetae
782 1597 922 1652 radio
948 1637 960 1658 ,
983 1596 1064 1650 vel
1089 1590 1395 1649 Australibus
1416 1596 1734 1651 diverberatae
1757 1597 1886 1650 auris
1911 1599 2016 1650 sen-

421 1684 514 1738 sim
529 1682 630 1735 fine
643 1682 773 1734 sensu
792 1676 1071 1752 liquescunt
1084 1717 1096 1738 ,
1109 1674 1162 1730 δε
1177 1676 1368 1749 patulas
1380 1692 1513 1730 terrae
1534 1677 1740 1731 rimulas
1756 1694 2018 1750 penetran-

427 1780 500 1819 tes
512 1805 524 1826 ,
548 1762 669 1819 vele
682 1754 789 1814 {inu
807 1754 1037 1832 praedurae
1050 1758 1206 1811 cautis
1220 1767 1495 1828 erumpunt
1514 1799 1526 1819 ,
1559 1758 1635 1812 vel
1654 1752 1679 1811 ὲ
1700 1775 1830 1812 terrae
1842 1757 2022 1813 saliunt

427 1843 626 1916 gremio
637 1842 690 1893 in
703 1838 983 1911 pellucidos'
996 1832 1191 1890 rivulos
1202 1876 1215 1898 ,
1237 1836 1327 1909 qui
1347 1835 1487 1890 nulla
1507 1837 1620 1891 labe
1636 1844 1892 1893 commeta
1921 1842 2021 1905 sors

429 1922 515 1975 des
535 1919 763 1991 diffipant
784 1958 797 1979 ,
827 1920 882 1972 δε
902 1917 930 1970 a
952 1919 998 1971 se
1017 1910 1195 1989 prociil
1217 1915 1489 1989 expellunt.
1530 1920 1837 1992 Symbolum
1863 1926 1898 1975 F
1913 1923 2024 1976 ER-

429 2003 483 2056 D
496 2004 516 2054 I
531 2004 584 2054 N
595 2004 637 2052 A
650 2002 702 2052 N
720 2002 800 2052 DI
827 2001 884 2050 M
898 2000 939 2049 A
953 1999 999 2049 R
1014 1999 1101 2051 1AE
1126 1996 1327 2050 exhibet
1347 2002 1456 2051 Leo
1474 2002 1685 2057 stemma
1700 2004 2023 2057 Gentilitium

433 2077 636 2152 Inclytae
662 2079 833 2150 Stirpis
844 2078 1102 2135 Bavaricae.
1148 2076 1278 2131 Fons
1288 2074 1473 2153 jugiter
1485 2100 1724 2137 emanans
1738 2087 2027 2140 morumim

430 2160 741 2220 nocentiam,
751 2176 808 2212 ac
818 2160 1090 2232 puritatem
1101 2198 1115 2220 ‚
1126 2177 1283 2231 quam
1296 2163 1485 2231 semper
1502 2164 1675 2219 coluit.

987 2313 1413 2426 Eszgraphe,

937 2497 1236 2630 Sordida
1262 2496 1477 2581 Pellite„

1801 2757 1952 2828 Aliis
