2168 3377
674 559 729 618 E
766 559 820 620 L
866 560 912 620 0
958 558 1020 620 G
1063 546 1603 636 JUMJXJI.

305 709 896 791 Commendatur
935 714 1206 792 summa
1238 714 1676 801 Ferdinandi
1696 721 1965 803 Mariae.

377 813 741 937 ''AEquitas
769 835 836 906 in
863 830 1175 940 regendi-s
1197 831 1475 941 Popul‘is
1503 894 1523 925 ‚
1546 865 1624 912 ac
1658 839 1730 913 in
1755 865 1961 943 nego-
2048 912 2049 915 ,

411 948 516 1020 tiis
547 944 968 1054 peragendis.
1505 971 1511 976 “

639 1131 1613 1196 EMDLEMA.

294 1263 384 1322 Sbl
408 1270 617 1324 Zodiaci
642 1288 922 1342 percurrens
935 1271 1249 1344 Eclipticam.
1318 1273 1400 1326 Est
1418 1273 1662 1347 Ecliptica
1682 1273 1853 1328 semita
1871 1274 1960 1327 So-

395 1348 460 1411 *lis
477 1391 490 1412 ‚
513 1350 728 1404 circulus
747 1356 1006 1408 Maximus
1027 1353 1282 1427 aequaliter
1302 1353 1484 1408 distans
1510 1352 1538 1410 a
1561 1358 1692 1429 polis
1716 1356 1925 1412 Zodiaci
1943 1393 1959 1416 ‚

394 1444 555 1505 ‘quem
578 1451 662 1500 per
681 1433 908 1488 medium
932 1437 985 1489 in
1005 1453 1161 1507 partes
1185 1433 1395 1508 aequales
1415 1436 1599 1492 dividit
1619 1459 1629 1489 :
1649 1457 1735 1510 per
1751 1436 1959 1509 Eclipti-

396 1531 510 1566 cam
534 1511 619 1565 Sol
638 1510 1056 1570 indeclinabiliter
1083 1514 1303 1569 discurrit
1326 1537 1341 1574 5
1373 1517 1426 1569 &
1458 1515 1625 1573 differt
1659 1522 1692 1572 a
1726 1519 1956 1572 Zodiaco

398 1591 643 1663 tanquam
660 1612 767 1665 pars
783 1597 811 1648 a
823 1612 955 1650 toto,
1021 1598 1100 1650 Est
1113 1597 1364 1651 Zodiacus
1376 1636 1389 1658 ,
1417 1598 1566 1651 fascia
1579 1597 1657 1650 seu
1672 1600 1819 1650 Zona
1834 1599 1955 1649 Coe-

396 1671 525 1724 lestis
540 1670 637 1725 lata
653 1672 820 1745 grad.1
838 1693 882 1726 2.
906 1675 1167 1730 terminata
1178 1675 1586 1728 circumferentiis
1614 1676 1837 1731 duorum
1862 1677 1955 1729 cir-

396 1751 631 1807 culorum
648 1772 759 1807 non
780 1755 1133 1811 Maximorum
1146 1754 1418 1818 ,nimirum
1438 1757 1645 1829 Tropici
1668 1757 1849 1812 Cancri
1864 1799 1876 1820 ‚
1901 1759 1956 1811 ὃ(

393 1835 719 1907 Capricorni:
738 1836 901 1911 vulgo
920 1839 1103 1891 dicitur
1118 1844 1323 1891 Cir-culus
1343 1843 1597 1891 animalium
1619 1878 1632 1900 ,
1651 1832 1732 1892 seu
1746 1845 1957 1910 Signifer,

397 1932 461 1966 eo
490 1912 631 1986 quod
653 1914 792 1987 figna
816 1915 990 1969 referat
1019 1919 1340 1981 animalium3
1363 1921 1442 1976 vel
1460 1923 1610 1976 etiam
1633 1920 1751 1995 quia
1763 1922 1951 1997 fignifi-

393 2011 473 2049 cet
485 1997 620 2050 viam
633 1996 759 2049 Solis
771 1993 1151 2069 planetarumv'e
1161 2042 1174 2064 ‚
1186 2021 1412 2076 quorum
1435 2005 1621 2059 virtute
1632 2001 1737 2057 haec
1748 2006 1950 2059 inferio-

396 2095 449 2130 ra
460 2076 759 2129 animantur.
822 2076 908 2131 Sol
922 2075 1125 2135 verbita
1135 2083 1427 2152 Eclipticam
1441 2083 1686 2145 discurrit,
1708 2101 1764 2138 ut
1773 2104 1865 2139 nec
1876 2085 1947 2140 hi-

395 2157 509 2211 lum
530 2157 686 2229 ipsam
710 2157 1103 2230 transgrediatur.
1179 2162 1485 2237 Symbolum
1506 2167 1865 2220 FERDINAN
1869 2170 1946 2220 DI

393 2239 637 2292 MARIAE
657 2278 669 2297 ‚
695 2240 783 2310 qui
807 2239 878 2292 ita
917 2241 1269 2309 AEQUITATI
1300 2245 1499 2300 adhaesit
1520 2283 1535 2307 ,
1559 2262 1615 2300 ut
1635 2245 1792 2321 ipsam
1810 2265 1944 2301 nun·

391 2316 549 2393 quam
571 2320 717 2375 fuerit
739 2324 1063 2398 transgressus,

908 2467 1324 2582 Epigraphe.

743 2638 928 2720 Non
953 2641 1453 2751 transgreditur.

1717 2835 1840 2900 Ro-
