<?xml version="1.0" encoding="UTF-8"?>
<!DOCTYPE html PUBLIC "-//W3C//DTD XHTML 1.0 Transitional//EN"
    "http://www.w3.org/TR/xhtml1/DTD/xhtml1-transitional.dtd">
<html xmlns="http://www.w3.org/1999/xhtml" xml:lang="en" lang="en">
 <head>
  <title>
</title>
<meta http-equiv="Content-Type" content="text/html;charset=utf-8" />
  <meta name='ocr-system' content='tesseract 3.04.00' />
  <meta name='ocr-capabilities' content='ocr_page ocr_carea ocr_par ocr_line ocrx_word'/>
</head>
<body>
  <div class='ocr_page' id='page_1' title='image "./monumentumextrem00veran_0090.png"; bbox 0 0 2122 3372; ppageno 0'>
   <div class='ocr_carea' id='block_1_1' title="bbox 364 112 438 149">
    <p class='ocr_par' dir='ltr' id='par_1_1' title="bbox 364 112 438 149">
     <span class='ocr_line' id='line_1_1' title="bbox 364 112 438 149; baseline 0.014 -1"><span class='ocrx_word' id='word_1_1' title='bbox 364 112 438 149; x_wconf 68' lang='lat'>&#39;80</span> 
     </span>
    </p>
   </div>
   <div class='ocr_carea' id='block_1_2' title="bbox 319 221 2024 2960">
    <p class='ocr_par' dir='ltr' id='par_1_2' title="bbox 319 221 2024 2960">
     <span class='ocr_line' id='line_1_2' title="bbox 448 221 1807 308; baseline 0.004 -18"><span class='ocrx_word' id='word_1_2' title='bbox 448 225 706 290; x_wconf 80' lang='lat' dir='ltr'>Perdere</span> <span class='ocrx_word' id='word_1_3' title='bbox 734 221 1000 307; x_wconf 78' lang='lat' dir='ltr'>possunt,</span> <span class='ocrx_word' id='word_1_4' title='bbox 1014 245 1143 287; x_wconf 90' lang='lat' dir='ltr'>non</span> <span class='ocrx_word' id='word_1_5' title='bbox 1160 224 1265 286; x_wconf 88' lang='lat' dir='ltr'>fibi</span> <span class='ocrx_word' id='word_1_6' title='bbox 1281 223 1554 308; x_wconf 85' lang='lat' dir='ltr'>Populos</span> <span class='ocrx_word' id='word_1_7' title='bbox 1572 226 1807 296; x_wconf 80' lang='lat' dir='ltr'>lucrari.</span> 
     </span>
     <span class='ocr_line' id='line_1_3' title="bbox 674 309 1602 394; baseline 0.006 -21"><span class='ocrx_word' id='word_1_8' title='bbox 674 311 781 373; x_wconf 89' lang='lat' dir='ltr'>Est</span> <span class='ocrx_word' id='word_1_9' title='bbox 798 309 1089 394; x_wconf 85' lang='lat' dir='ltr'>Princeps</span> <span class='ocrx_word' id='word_1_10' title='bbox 1109 310 1481 394; x_wconf 66' lang='lat' dir='ltr'>Reipublicae</span> <span class='ocrx_word' id='word_1_11' title='bbox 1494 316 1602 378; x_wconf 81' lang='lat' dir='ltr'>Sol</span> 
     </span>
     <span class='ocr_line' id='line_1_4' title="bbox 473 396 1789 480; baseline 0.004 -19"><span class='ocrx_word' id='word_1_12' title='bbox 473 398 788 480; x_wconf 86' lang='lat' dir='ltr'>Omnium</span> <span class='ocrx_word' id='word_1_13' title='bbox 805 397 979 459; x_wconf 88' lang='lat' dir='ltr'>debet</span> <span class='ocrx_word' id='word_1_14' title='bbox 994 398 1238 459; x_wconf 90' lang='lat' dir='ltr'>nubilos</span> <span class='ocrx_word' id='word_1_15' title='bbox 1255 396 1518 462; x_wconf 89' lang='lat' dir='ltr'>serenare</span> <span class='ocrx_word' id='word_1_16' title='bbox 1535 406 1789 466; x_wconf 59' lang='lat' dir='ltr'>animos⁶</span> 
     </span>
     <span class='ocr_line' id='line_1_5' title="bbox 443 480 1793 566; baseline 0.006 -20"><span class='ocrx_word' id='word_1_17' title='bbox 443 483 787 566; x_wconf 90' lang='lat' dir='ltr'>Plenosque</span> <span class='ocrx_word' id='word_1_18' title='bbox 822 480 1262 546; x_wconf 91' lang='lat' dir='ltr'>beneficiorum</span> <span class='ocrx_word' id='word_1_19' title='bbox 1278 485 1476 548; x_wconf 89' lang='lat' dir='ltr'>radios</span> <span class='ocrx_word' id='word_1_20' title='bbox 1494 490 1759 553; x_wconf 82' lang='lat' dir='ltr'>emittere</span> <span class='ocrx_word' id='word_1_21' title='bbox 1773 530 1793 558; x_wconf 71' lang='lat'>2</span> 
     </span>
     <span class='ocr_line' id='line_1_6' title="bbox 839 567 1426 652; baseline 0.005 -22"><span class='ocrx_word' id='word_1_22' title='bbox 839 590 909 631; x_wconf 90' lang='lat' dir='ltr'>ac</span> <span class='ocrx_word' id='word_1_23' title='bbox 932 567 1426 652; x_wconf 68' lang='lat' dir='ltr'>aequeimpartiri.</span> 
     </span>
     <span class='ocr_line' id='line_1_7' title="bbox 584 652 1693 737; baseline 0.003 -17"><span class='ocrx_word' id='word_1_24' title='bbox 584 652 898 720; x_wconf 86' lang='lat' dir='ltr'>Omnibus</span> <span class='ocrx_word' id='word_1_25' title='bbox 913 653 1201 737; x_wconf 69' lang='lat' dir='ltr'>prodesse,</span> <span class='ocrx_word' id='word_1_26' title='bbox 1220 654 1414 718; x_wconf 83' lang='lat' dir='ltr'>obeffe</span> <span class='ocrx_word' id='word_1_27' title='bbox 1436 661 1693 732; x_wconf 86' lang='lat' dir='ltr'>nemini</span> 
     </span>
     <span class='ocr_line' id='line_1_8' title="bbox 394 742 1880 829; baseline 0.003 -21"><span class='ocrx_word' id='word_1_28' title='bbox 394 742 496 808; x_wconf 90' lang='lat' dir='ltr'>Sic</span> <span class='ocrx_word' id='word_1_29' title='bbox 515 742 649 827; x_wconf 92' lang='lat' dir='ltr'>Pop</span> <span class='ocrx_word' id='word_1_30' title='bbox 654 745 905 808; x_wconf 90' lang='lat' dir='ltr'>ulorum</span> <span class='ocrx_word' id='word_1_31' title='bbox 924 744 1215 804; x_wconf 86' lang='lat' dir='ltr'>foventur</span> <span class='ocrx_word' id='word_1_32' title='bbox 1230 763 1483 812; x_wconf 80' lang='lat' dir='ltr'>amores,</span> <span class='ocrx_word' id='word_1_33' title='bbox 1488 742 1548 806; x_wconf 71' lang='grc' dir='ltr'>ὃ(</span> <span class='ocrx_word' id='word_1_34' title='bbox 1563 762 1880 829; x_wconf 78' lang='lat' dir='ltr'>augentur</span> 
     </span>
     <span class='ocr_line' id='line_1_9' title="bbox 551 828 1720 913; baseline 0.003 -21"><span class='ocrx_word' id='word_1_35' title='bbox 551 828 721 892; x_wconf 87' lang='lat' dir='ltr'>Cum</span> <span class='ocrx_word' id='word_1_36' title='bbox 751 828 1035 910; x_wconf 84' lang='lat' dir='ltr'>Principe</span> <span class='ocrx_word' id='word_1_37' title='bbox 1064 848 1239 910; x_wconf 62' lang='lat' dir='ltr'>aequo</span> <span class='ocrx_word' id='word_1_38' title='bbox 1267 835 1396 906; x_wconf 90' lang='lat' dir='ltr'>jure</span> <span class='ocrx_word' id='word_1_39' title='bbox 1421 834 1720 913; x_wconf 69' lang='lat' dir='ltr'>sceptrum</span> 
     </span>
     <span class='ocr_line' id='line_1_10' title="bbox 673 910 1604 982; baseline 0.002 -5"><span class='ocrx_word' id='word_1_40' title='bbox 673 918 891 982; x_wconf 75' lang='lat' dir='ltr'>Amor,</span> <span class='ocrx_word' id='word_1_41' title='bbox 897 915 955 976; x_wconf 71' lang='grc' dir='ltr'>ὅ(</span> <span class='ocrx_word' id='word_1_42' title='bbox 973 910 1319 977; x_wconf 84' lang='lat' dir='ltr'>Clementia</span> <span class='ocrx_word' id='word_1_43' title='bbox 1337 918 1604 980; x_wconf 60' lang='lat' dir='ltr'>traffient</span> 
     </span>
     <span class='ocr_line' id='line_1_11' title="bbox 443 1001 1830 1087; baseline 0 -21"><span class='ocrx_word' id='word_1_44' title='bbox 443 1002 689 1087; x_wconf 86' lang='lat' dir='ltr'>Optimi</span> <span class='ocrx_word' id='word_1_45' title='bbox 708 1001 1058 1084; x_wconf 71' lang='lat' dir='ltr'>imperantis</span> <span class='ocrx_word' id='word_1_46' title='bbox 1073 1002 1370 1083; x_wconf 78' lang='lat' dir='ltr'>egregiam</span> <span class='ocrx_word' id='word_1_47' title='bbox 1388 1001 1595 1066; x_wconf 89' lang='lat' dir='ltr'>ldeam</span> <span class='ocrx_word' id='word_1_48' title='bbox 1611 1004 1652 1065; x_wconf 90' lang='lat' dir='ltr'>fi</span> <span class='ocrx_word' id='word_1_49' title='bbox 1670 1025 1830 1073; x_wconf 80' lang='lat' dir='ltr'>aves,</span> 
     </span>
     <span class='ocr_line' id='line_1_12' title="bbox 355 1086 2024 1171; baseline -0.002 -16"><span class='ocrx_word' id='word_1_50' title='bbox 355 1090 562 1156; x_wconf 84' lang='lat' dir='ltr'>Habes</span> <span class='ocrx_word' id='word_1_51' title='bbox 582 1093 646 1152; x_wconf 89' lang='lat' dir='ltr'>in</span> <span class='ocrx_word' id='word_1_52' title='bbox 674 1086 1244 1151; x_wconf 79' lang='lat' dir='ltr'><strong>FERDINANDI</strong></span> <span class='ocrx_word' id='word_1_53' title='bbox 1261 1087 1579 1150; x_wconf 83' lang='lat' dir='ltr'>MARIAE</span> <span class='ocrx_word' id='word_1_54' title='bbox 1608 1090 1965 1171; x_wconf 61' lang='lat' dir='ltr'>Regimineg.</span> <span class='ocrx_word' id='word_1_55' title='bbox 2022 1150 2024 1152; x_wconf 83' lang='lat'>.</span> 
     </span>
     <span class='ocr_line' id='line_1_13' title="bbox 627 1172 1676 1256; baseline -0.001 -18"><span class='ocrx_word' id='word_1_56' title='bbox 627 1174 714 1238; x_wconf 72' lang='lat' dir='ltr'>Ita</span> <span class='ocrx_word' id='word_1_57' title='bbox 732 1175 1074 1256; x_wconf 81' lang='lat' dir='ltr'>imperavit,</span> <span class='ocrx_word' id='word_1_58' title='bbox 1089 1193 1158 1236; x_wconf 91' lang='lat' dir='ltr'>ut</span> <span class='ocrx_word' id='word_1_59' title='bbox 1175 1195 1316 1236; x_wconf 90' lang='lat' dir='ltr'>cum</span> <span class='ocrx_word' id='word_1_60' title='bbox 1329 1172 1470 1256; x_wconf 92' lang='lat' dir='ltr'>Ipso</span> <span class='ocrx_word' id='word_1_61' title='bbox 1490 1174 1676 1245; x_wconf 84' lang='lat' dir='ltr'>dicas,</span> 
     </span>
     <span class='ocr_line' id='line_1_14' title="bbox 792 1257 1500 1340; baseline 0 -18"><span class='ocrx_word' id='word_1_62' title='bbox 792 1258 1209 1324; x_wconf 82' lang='lat' dir='ltr'>Clementiam</span> <span class='ocrx_word' id='word_1_63' title='bbox 1224 1257 1500 1340; x_wconf 74' lang='lat' dir='ltr'>regnasse.</span> 
     </span>
     <span class='ocr_line' id='line_1_15' title="bbox 453 1347 1824 1454; baseline -0.001 -42"><span class='ocrx_word' id='word_1_64' title='bbox 453 1348 810 1412; x_wconf 81' lang='lat' dir='ltr'>Paucorum</span> <span class='ocrx_word' id='word_1_65' title='bbox 839 1347 1137 1454; x_wconf 85' lang='lat' dir='ltr'>supplicio</span> <span class='ocrx_word' id='word_1_66' title='bbox 1168 1347 1329 1409; x_wconf 87' lang='lat' dir='ltr'>utilis</span> <span class='ocrx_word' id='word_1_67' title='bbox 1359 1347 1474 1409; x_wconf 91' lang='lat' dir='ltr'>fuit</span> <span class='ocrx_word' id='word_1_68' title='bbox 1509 1347 1824 1420; x_wconf 81' lang='lat' dir='ltr'>universis</span> 
     </span>
     <span class='ocr_line' id='line_1_16' title="bbox 421 1427 1859 1517; baseline 0 -20"><span class='ocrx_word' id='word_1_69' title='bbox 421 1428 681 1517; x_wconf 89' lang='lat' dir='ltr'>Flagitia</span> <span class='ocrx_word' id='word_1_70' title='bbox 730 1455 864 1496; x_wconf 91' lang='lat' dir='ltr'>non</span> <span class='ocrx_word' id='word_1_71' title='bbox 907 1427 1113 1496; x_wconf 73' lang='lat' dir='ltr'>minus</span> <span class='ocrx_word' id='word_1_72' title='bbox 1160 1441 1424 1516; x_wconf 71' lang='lat' dir='ltr'>perotus,</span> <span class='ocrx_word' id='word_1_73' title='bbox 1429 1455 1498 1496; x_wconf 91' lang='lat' dir='ltr'>ac</span> <span class='ocrx_word' id='word_1_74' title='bbox 1527 1432 1821 1517; x_wconf 89' lang='lat' dir='ltr'>supplicia</span> <span class='ocrx_word' id='word_1_75' title='bbox 1839 1475 1859 1505; x_wconf 91' lang='grc'>-,</span> 
     </span>
     <span class='ocr_line' id='line_1_17' title="bbox 368 1521 1924 1605; baseline 0 -21"><span class='ocrx_word' id='word_1_76' title='bbox 368 1521 737 1605; x_wconf 88' lang='lat' dir='ltr'>Iniquorum</span> <span class='ocrx_word' id='word_1_77' title='bbox 753 1522 1179 1603; x_wconf 84' lang='lat' dir='ltr'>poenitentiam</span> <span class='ocrx_word' id='word_1_78' title='bbox 1196 1521 1429 1588; x_wconf 78' lang='lat' dir='ltr'>maluit,</span> <span class='ocrx_word' id='word_1_79' title='bbox 1443 1541 1629 1601; x_wconf 90' lang='lat' dir='ltr'>quam</span> <span class='ocrx_word' id='word_1_80' title='bbox 1642 1522 1924 1586; x_wconf 87' lang='lat' dir='ltr'>multam.</span> 
     </span>
     <span class='ocr_line' id='line_1_18' title="bbox 393 1605 1904 1713; baseline -0.001 -41"><span class='ocrx_word' id='word_1_81' title='bbox 393 1607 570 1672; x_wconf 85' lang='lat' dir='ltr'>Licet</span> <span class='ocrx_word' id='word_1_82' title='bbox 584 1611 853 1713; x_wconf 89' lang='lat' dir='ltr'>placatus</span> <span class='ocrx_word' id='word_1_83' title='bbox 870 1606 1196 1689; x_wconf 71' lang='lat' dir='ltr'>nunquam</span> <span class='ocrx_word' id='word_1_84' title='bbox 1214 1608 1391 1668; x_wconf 89' lang='lat' dir='ltr'>fuerit</span> <span class='ocrx_word' id='word_1_85' title='bbox 1408 1627 1552 1668; x_wconf 91' lang='lat' dir='ltr'>cum</span> <span class='ocrx_word' id='word_1_86' title='bbox 1568 1605 1904 1678; x_wconf 71' lang='lat' dir='ltr'>sceleribus,</span> 
     </span>
     <span class='ocr_line' id='line_1_19' title="bbox 585 1689 1697 1759; baseline -0.003 0"><span class='ocrx_word' id='word_1_87' title='bbox 585 1689 820 1759; x_wconf 88' lang='lat' dir='ltr'>Adhuc</span> <span class='ocrx_word' id='word_1_88' title='bbox 837 1716 984 1756; x_wconf 88' lang='lat' dir='ltr'>cum</span> <span class='ocrx_word' id='word_1_89' title='bbox 1001 1694 1288 1756; x_wconf 87' lang='lat' dir='ltr'>sceleratis</span> <span class='ocrx_word' id='word_1_90' title='bbox 1304 1694 1464 1757; x_wconf 91' lang='lat' dir='ltr'>mitis</span> <span class='ocrx_word' id='word_1_91' title='bbox 1494 1694 1697 1756; x_wconf 84' lang='lat' dir='ltr'>Voluit</span> 
     </span>
     <span class='ocr_line' id='line_1_20' title="bbox 870 1770 1756 1848; baseline -0.003 -5"><span class='ocrx_word' id='word_1_92' title='bbox 870 1779 953 1843; x_wconf 92' lang='lat' dir='ltr'>Et</span> <span class='ocrx_word' id='word_1_93' title='bbox 968 1782 1186 1847; x_wconf 70' lang='lat' dir='ltr'>videri,</span> <span class='ocrx_word' id='word_1_94' title='bbox 1205 1782 1263 1841; x_wconf 67' lang='grc' dir='ltr'>ὅ(</span> <span class='ocrx_word' id='word_1_95' title='bbox 1277 1774 1409 1848; x_wconf 83' lang='lat' dir='ltr'>effe</span> <span class='ocrx_word' id='word_1_96' title='bbox 1741 1770 1756 1797; x_wconf 58' lang='lat'>⁸</span> 
     </span>
     <span class='ocr_line' id='line_1_21' title="bbox 685 1863 1612 1961; baseline -0.001 -33"><span class='ocrx_word' id='word_1_97' title='bbox 685 1863 828 1928; x_wconf 90' lang='lat' dir='ltr'>Hac</span> <span class='ocrx_word' id='word_1_98' title='bbox 844 1881 966 1928; x_wconf 89' lang='lat' dir='ltr'>arte</span> <span class='ocrx_word' id='word_1_99' title='bbox 965 1866 1278 1961; x_wconf 83' lang='lat' dir='ltr'>Optimus</span> <span class='ocrx_word' id='word_1_100' title='bbox 1296 1864 1612 1960; x_wconf 81' lang='lat' dir='ltr'>Princeps</span> 
     </span>
     <span class='ocr_line' id='line_1_22' title="bbox 397 1950 1908 2034; baseline 0 -18"><span class='ocrx_word' id='word_1_101' title='bbox 397 1950 449 2015; x_wconf 91' lang='lat' dir='ltr'>F</span> <span class='ocrx_word' id='word_1_102' title='bbox 453 1952 644 2016; x_wconf 61' lang='lat' dir='ltr'>radios</span> <span class='ocrx_word' id='word_1_103' title='bbox 658 1954 825 2014; x_wconf 91' lang='lat' dir='ltr'>malo</span> <span class='ocrx_word' id='word_1_104' title='bbox 841 1950 1024 2034; x_wconf 87' lang='lat' dir='ltr'>genio</span> <span class='ocrx_word' id='word_1_105' title='bbox 1041 1953 1283 2013; x_wconf 89' lang='lat' dir='ltr'>animos</span> <span class='ocrx_word' id='word_1_106' title='bbox 1298 1952 1620 2032; x_wconf 87' lang='lat' dir='ltr'>integritati</span> <span class='ocrx_word' id='word_1_107' title='bbox 1638 1951 1908 2026; x_wconf 84' lang='lat' dir='ltr'>restituit,</span> 
     </span>
     <span class='ocr_line' id='line_1_23' title="bbox 532 2033 1737 2101; baseline -0.002 0"><span class='ocrx_word' id='word_1_108' title='bbox 532 2036 846 2101; x_wconf 89' lang='lat' dir='ltr'>Nocentes</span> <span class='ocrx_word' id='word_1_109' title='bbox 891 2033 1317 2100; x_wconf 87' lang='lat' dir='ltr'>reconciliavit</span> <span class='ocrx_word' id='word_1_110' title='bbox 1351 2038 1737 2100; x_wconf 64' lang='lat' dir='ltr'>innocentiae.</span> 
     </span>
     <span class='ocr_line' id='line_1_24' title="bbox 486 2121 1830 2218; baseline -0.001 -33"><span class='ocrx_word' id='word_1_111' title='bbox 486 2124 571 2186; x_wconf 93' lang='lat' dir='ltr'>At</span> <span class='ocrx_word' id='word_1_112' title='bbox 591 2121 966 2189; x_wconf 82' lang='lat' dir='ltr'>heu!coecam</span> <span class='ocrx_word' id='word_1_113' title='bbox 974 2126 1100 2206; x_wconf 72' lang='lat' dir='ltr'>,qui</span> <span class='ocrx_word' id='word_1_114' title='bbox 1118 2125 1409 2218; x_wconf 74' lang='lat' dir='ltr'>fingimus</span> <span class='ocrx_word' id='word_1_115' title='bbox 1426 2121 1830 2186; x_wconf 79' lang='lat' dir='ltr'>Libithinam.</span> 
     </span>
     <span class='ocr_line' id='line_1_25' title="bbox 425 2207 1856 2287; baseline -0.003 -12"><span class='ocrx_word' id='word_1_116' title='bbox 425 2209 601 2275; x_wconf 91' lang='lat' dir='ltr'>Vidit</span> <span class='ocrx_word' id='word_1_117' title='bbox 615 2209 769 2272; x_wconf 84' lang='lat' dir='ltr'>Haec</span> <span class='ocrx_word' id='word_1_118' title='bbox 788 2207 1230 2272; x_wconf 85' lang='lat' dir='ltr'>Clementiam</span> <span class='ocrx_word' id='word_1_119' title='bbox 1220 2227 1284 2270; x_wconf 90' lang='grc' dir='ltr'>ιιι</span> <span class='ocrx_word' id='word_1_120' title='bbox 1309 2210 1471 2271; x_wconf 89' lang='lat' dir='ltr'>terris</span> <span class='ocrx_word' id='word_1_121' title='bbox 1501 2225 1856 2287; x_wconf 88' lang='lat' dir='ltr'>regnantem</span> 
     </span>
     <span class='ocr_line' id='line_1_26' title="bbox 611 2289 1745 2396; baseline -0.004 -36"><span class='ocrx_word' id='word_1_122' title='bbox 611 2289 937 2361; x_wconf 87' lang='lat' dir='ltr'>Parentem</span> <span class='ocrx_word' id='word_1_123' title='bbox 964 2294 1326 2358; x_wconf 85' lang='lat' dir='ltr'>Gratiarum</span> <span class='ocrx_word' id='word_1_124' title='bbox 1365 2296 1685 2396; x_wconf 79' lang='lat' dir='ltr'>optimam,</span> <span class='ocrx_word' id='word_1_125' title='bbox 1744 2333 1745 2336; x_wconf 57' lang='lat'><em>=</em></span> 
     </span>
     <span class='ocr_line' id='line_1_27' title="bbox 754 2377 1526 2477; baseline -0.005 -32"><span class='ocrx_word' id='word_1_126' title='bbox 754 2381 941 2445; x_wconf 90' lang='lat' dir='ltr'>Hanc</span> <span class='ocrx_word' id='word_1_127' title='bbox 958 2377 1266 2477; x_wconf 75' lang='lat' dir='ltr'>eXtemplo</span> <span class='ocrx_word' id='word_1_128' title='bbox 1283 2380 1526 2450; x_wconf 79' lang='lat' dir='ltr'>evertit3</span> 
     </span>
     <span class='ocr_line' id='line_1_28' title="bbox 446 2460 1834 2552; baseline 0.001 -20"><span class='ocrx_word' id='word_1_129' title='bbox 446 2460 541 2532; x_wconf 82' lang='lat' dir='ltr'>Ut</span> <span class='ocrx_word' id='word_1_130' title='bbox 583 2462 751 2550; x_wconf 88' lang='lat' dir='ltr'>spem</span> <span class='ocrx_word' id='word_1_131' title='bbox 781 2484 1036 2531; x_wconf 88' lang='lat' dir='ltr'>omnem</span> <span class='ocrx_word' id='word_1_132' title='bbox 1067 2470 1385 2552; x_wconf 89' lang='lat' dir='ltr'>perimeret</span> <span class='ocrx_word' id='word_1_133' title='bbox 1411 2460 1834 2533; x_wconf 71' lang='lat' dir='ltr'>humanitatis,</span> 
     </span>
     <span class='ocr_line' id='line_1_29' title="bbox 555 2551 1747 2623; baseline -0.003 -5"><span class='ocrx_word' id='word_1_134' title='bbox 555 2554 783 2618; x_wconf 62' lang='lat' dir='ltr'>Acium</span> <span class='ocrx_word' id='word_1_135' title='bbox 800 2557 881 2617; x_wconf 89' lang='lat' dir='ltr'>est</span> <span class='ocrx_word' id='word_1_136' title='bbox 895 2555 968 2616; x_wconf 82' lang='lat' dir='ltr'>de&#39;</span> <span class='ocrx_word' id='word_1_137' title='bbox 982 2556 1178 2623; x_wconf 64' lang='lat' dir='ltr'>vobis³</span> <span class='ocrx_word' id='word_1_138' title='bbox 1180 2569 1471 2617; x_wconf 88' lang='lat' dir='ltr'>terrarum</span> <span class='ocrx_word' id='word_1_139' title='bbox 1484 2551 1747 2615; x_wconf 84' lang='lat' dir='ltr'>Incolae:</span> 
     </span>
     <span class='ocr_line' id='line_1_30' title="bbox 500 2637 1834 2726; baseline 0 -22"><span class='ocrx_word' id='word_1_140' title='bbox 500 2637 762 2704; x_wconf 83' lang='lat' dir='ltr'>Parcam</span> <span class='ocrx_word' id='word_1_141' title='bbox 809 2655 981 2703; x_wconf 89' lang='lat' dir='ltr'>nunc</span> <span class='ocrx_word' id='word_1_142' title='bbox 1035 2641 1257 2703; x_wconf 87' lang='lat' dir='ltr'>credite</span> <span class='ocrx_word' id='word_1_143' title='bbox 1299 2637 1733 2701; x_wconf 84' lang='lat' dir='ltr'>inexorabilem</span> <span class='ocrx_word' id='word_1_144' title='bbox 1762 2679 1784 2705; x_wconf 73' lang='lat'><em>2</em></span> <span class='ocrx_word' id='word_1_145' title='bbox 1825 2705 1834 2726; x_wconf 41' lang='grc' dir='ltr'>ί,</span> 
     </span>
     <span class='ocr_line' id='line_1_31' title="bbox 647 2724 1833 2808; baseline -0.001 -21"><span class='ocrx_word' id='word_1_146' title='bbox 647 2728 809 2808; x_wconf 83' lang='lat' dir='ltr'>Qae</span> <span class='ocrx_word' id='word_1_147' title='bbox 825 2742 939 2789; x_wconf 91' lang='lat' dir='ltr'>nec</span> <span class='ocrx_word' id='word_1_148' title='bbox 957 2724 1318 2789; x_wconf 81' lang='lat' dir='ltr'>Clementiae</span> <span class='ocrx_word' id='word_1_149' title='bbox 1334 2726 1626 2808; x_wconf 88' lang='lat' dir='ltr'>pepercit</span> <span class='ocrx_word' id='word_1_150' title='bbox 1824 2728 1833 2741; x_wconf 69' lang='lat'><strong>⁶</strong></span> 
     </span>
     <span class='ocr_line' id='line_1_32' title="bbox 319 2806 1967 2896; baseline 0 -23"><span class='ocrx_word' id='word_1_151' title='bbox 319 2806 482 2874; x_wconf 84' lang='lat' dir='ltr'>Inter</span> <span class='ocrx_word' id='word_1_152' title='bbox 493 2810 811 2895; x_wconf 88' lang='lat' dir='ltr'>sylvarum</span> <span class='ocrx_word' id='word_1_153' title='bbox 827 2827 1068 2877; x_wconf 76' lang='lat' dir='ltr'>amoena</span> <span class='ocrx_word' id='word_1_154' title='bbox 1085 2814 1236 2874; x_wconf 87' lang='lat' dir='ltr'>hora</span> <span class='ocrx_word' id='word_1_155' title='bbox 1269 2810 1532 2876; x_wconf 86' lang='lat' dir='ltr'>secunda</span> <span class='ocrx_word' id='word_1_156' title='bbox 1545 2806 1967 2896; x_wconf 84' lang='lat' dir='ltr'>pomeridiana</span> 
     </span>
     <span class='ocr_line' id='line_1_33' title="bbox 1669 2897 1878 2960; baseline -0.011 0"><span class='ocrx_word' id='word_1_157' title='bbox 1669 2897 1878 2960; x_wconf 89' lang='lat' dir='ltr'>Aucu-</span> 
     </span>
    </p>
   </div>
  </div>
 </body>
</html>
