2034 3387
704 198 1117 283 Deo,Virgini
1135 199 1352 272 Matri,

650 286 746 350 Ac:
766 284 1091 350 Coelitibus
1108 290 1397 352 omnibus

450 374 844 456 Maneipatus
865 368 1276 436 Pientissimus
1293 373 1617 459 Princeps„

483 458 576 523 Ut
596 461 797 541 ped‘tus
817 460 1038 520 divino
1053 459 1329 541 impleret
1345 461 1578 524 Amore

400 544 702 608 Amorem
728 544 817 606 sui
843 544 877 605 a
903 544 957 606 se
986 543 1203 626 procul
1229 548 1656 628 expeetoravit.

620 628 943 695 Nimirum
962 630 1209 692 affeAElus
1225 652 1444 694 omnes

650 716 737 779 Ita
756 715 976 798 superis
989 717 1418 797 agglutinavit,

582 800 676 866 Ut
704 804 863 863 nihil
891 804 1170 865 habuerit
1194 805 1260 865 in
1289 807 1452 867 terris
1473 848 1495 872 ‚

663 889 817 971 Qo
832 888 865 949 {1
881 887 1024 950 Deo
1044 907 1412 953 averteretur
1426 936 1444 959 ‚

426 972 492 1039 N
499 977 631 1042 ihil,
649 996 775 1057 quo
790 975 866 1038 ad
881 975 1045 1037 fluxa
1061 976 1284 1038 mundi
1301 975 1636 1040 commoda

857 1061 1211 1124 Conversus

393 1145 689 1210 Liliatum
716 1147 970 1211 foedaret
1000 1141 1435 1211 defaeeatiffimi
1465 1147 1670 1209 cordis

848 1230 1233 1302 Candorem.
1512 1282 1515 1285 -

390 1317 619 1383 Divini
637 1319 794 1383 Solis
810 1319 1090 1382 emissum
1116 1321 1180 1381 in
1197 1338 1374 1382 terras
1389 1317 1684 1382 Radiurn,

517 1408 583 1470 Si
599 1406 813 1468 dixeris
829 1426 847 1477 3
876 1404 1043 1468 haud
1065 1405 1241 1468 facile
1268 1405 1555 1466 erraveris
1569 1447 1587 1471 ,

583 1487 884 1554 Coenosos
901 1491 1170 1553 Telluris
1185 1492 1448 1554 tramites
1461 1536 1482 1558 2

836 1576 925 1640 Ita
941 1578 1219 1640 lustravit
1242 1622 1261 1645 2

565 1661 660 1727 Ut
676 1664 937 1732 nullam,
953 1666 1077 1746 qua
1092 1665 1507 1746 deturparetur

719 1747 952 1816 Labem
971 1751 1356 1819 contraxerit,

618 1830 829 1900 Nullis
854 1835 965 1897 nisi
983 1838 1048 1897 in
1066 1836 1277 1898 Deum
1291 1837 1468 1897 illatis

709 1918 880 1981 Laedi
898 1926 1100 2003 potuit
1121 1924 1366 1996 injuriis.

541 2000 611 2067 N
615 2026 682 2066 ec
701 2007 830 2067 aliis
848 2008 1168 2069 exhilarari
1188 2007 1525 2070 honoribus
1540 2051 1561 2076 ,

625 2090 842 2168 Quam
859 2087 1186 2163 Coelitibus
1201 2095 1435 2156 collatis
1450 2138 1470 2161 2

411 2176 661 2261 Quibus
688 2179 931 2239 cultum
946 2222 963 2246 ‚
978 2199 1164 2261 quem
1180 2177 1369 2261 posset
1381 2188 1673 2256 majorem

758 2262 1009 2348 Semper
1023 2266 1331 2332 exhibuitt

949 2349 1141 2413 Ratus

488 2433 562 2499 In
572 2433 862 2519 Principe
877 2437 966 2498 nil
978 2434 1141 2520 posse
1158 2435 1402 2519 speetari
1419 2439 1593 2503 altius
1609 2485 1627 2508 2

791 2520 1027 2605 Nilque
1043 2518 1307 2605 digmus,

390 2606 563 2675 Hinc
576 2607 796 2674 Pietati
813 2607 1097 2674 Affuetus
1110 2611 1411 2672 virtutum
1428 2612 1718 2676 omnium

629 2693 924 2763 Inolitam
945 2696 1455 2766 consuetudinem
1681 2781 1764 2849 Al
