2220 3392
322 249 1989 481 {aaa}{ttatttffltaaaatttttaaa

324 553 642 636 Quatuoss
660 568 795 630 quae
811 546 1109 629 sequuntu
1121 569 1146 609 r
1171 545 1556 611 Emblemata
1573 550 1822 612 totidem
1841 570 1981 631 pen-

413 637 640 698 debant
687 655 760 696 ex
793 633 1074 715 suggestis
1113 633 1395 696 Ecclefiae
1435 637 1679 718 lugubri
1707 636 1980 699 obductis
2096 723 2098 725 ‚

414 741 686 815 panno,-

650 880 704 945 E
787 879 884 944 M
963 878 1020 939 B
1102 879 1156 942 L
1239 879 1282 939 ἒ
1359 877 1459 942 Μ
1534 879 1639 946 ρᾸ

328 1024 465 1092 Leo
492 1020 845 1122 impavidej
852 1040 1027 1083 acens
1057 1018 1132 1080 ad
1163 1020 1445 1081 latratus
1434 1020 1855 1101 impetentium
1885 1040 1981 1083 ca-

415 1133 572 1175 num
588 1113 1041 1173 venaticorum
1071 1103 1196 1167 Prae
1212 1106 1453 1173 caeteris,
1469 1108 1686 1187 qulbus
1702 1109 1982 1187 precellet

416 1197 662 1260 dotibus
680 1193 811 1258 Leo
828 1191 1383 1296 ferarumPrinceps
1403 1212 1469 1252 ea
1486 1192 1568 1252 est
1586 1194 1980 1254 commenda-

417 1284 586 1347 tione
615 1281 879 1363 dignior,
896 1298 964 1342 ut
1000 1298 1132 1340 non
1162 1272 1361 1339 solum
1389 1277 1762 1340 mansuescat
1784 1277 1861 1340 ad
1878 1281 1982 1341 ob·-

416 1372 554 1432 vios
580 1370 801 1430 ovium
827 1385 1073 1448 greges,
1119 1384 1233 1425 nec
1262 1360 1601 1445 quidquam
1618 1363 1749 1448 ipsis
1766 1364 1981 1429 inferat

417 1454 661 1530 damnif,
648 1451 834 1515 adeo
864 1469 932 1514 ut
958 1451 1244 1514 cecinerit
1271 1450 1370 1510 ille
1397 1453 1530 1513 Nec
1556 1473 1752 1534 magnos
1765 1471 1982 1514 metuent

414 1560 642 1605 armenta
657 1544 879 1607 Leones,
909 1532 1145 1600 Verum
1165 1537 1346 1598 etiam
1365 1535 1511 1597 feras
1539 1535 1981 1603 imbecilliores,

415 1623 509 1690 uti
526 1647 702 1688 canes
719 1626 1034 1687 turmatim
1053 1625 1343 1684 irruentes
1360 1619 1540 1682 flocci
1556 1622 1757 1689 faciat,
1775 1620 1978 1702 dedig-

413 1709 751 1794 neturque
735 1731 880 1780 cum
897 1709 1057 1793 ipsis
1047 1710 1196 1770 mire
1213 1725 1552 1773 certamen
1583 1706 1813 1768 tametsi
1831 1709 1979 1770 infe-

415 1802 514 1864 stis
544 1799 986 1881 provoceturla
992 1786 1256 1857 tratibns
1292 1793 1666 1875 Symbolum
1677 1790 1979 1856 FERDI—

413 1820 715 1951 NANDI
758 1878 1077 1945 MARIAE
1116 1878 1478 1961 Principum
1508 1878 1777 1941 Maximi
1827 1878 1977 1942 aflu-

326 2043 335 2054 .
412 1989 601 2036 mltur
617 1966 749 2033 Leo
768 1967 1022 2032 stemma
1039 1965 1443 2029 Gentilitium
1458 1962 1711 2047 Inclytae
1732 1964 1978 2029 Domus

413 2056 760 2124 Bavaricae‚
789 2056 1020 2118 tametsi
1061 2056 1124 2115 in
1184 2050 1454 2116 Boicum
1486 2049 1668 2114 istum
1698 2048 1975 2115 Leonem

413 2145 597 2208 fuerit
628 2140 883 2206 subinde
909 2143 1275 2204 oblatratum
1294 2183 1311 2207 2
1338 2137 1425 2201 nil
1452 2156 1658 2201 tamen
1688 2140 1976 2201 formida-

411 2233 535 2300 vit,
557 2252 671 2293 nee
693 2231 890 2293 minas
918 2230 1163 2312 expavit
1190 2269 1209 2296 ‚
1252 2228 1371 2289 suis
1388 2225 1506 2307 ipse
1533 2225 1711 2286 armis
1739 2215 1978 2286 fortiffi-

412 2337 568 2380 mUS.

924 2470 1351 2583 Epigraphe.

475 2649 761 2759 Magnis
780 2678 925 2726 non
947 2646 1103 2724 sunt
1120 2642 1512 2723 Formidini
1528 2641 1814 2723 latratus,

1783 2810 1881 2877 En
