2034 3387
1627 132 1663 178 '2
1672 133 1699 183 ²5

394 257 400 269 “
509 244 875 330 Principum
889 239 1250 328 Religiosiss'
1253 244 1388 315 mus
1435 279 1441 283 ·

405 333 809 398 Summarum
826 332 1122 417 Myriade
1141 336 1460 402 Virtutum

294 420 394 487 Ad
411 442 665 486 omnem
681 421 956 502 apprime
973 420 1292 486 instructus
1306 424 1603 506 Pietatem

657 503 909 569 Coclites
926 507 1004 570 1121
1022 509 1236 576 coluit,
1523 543 1529 549 -

400 593 500 661 Ac
513 587 950 659 candidiffimis
967 596 1170 656 allexit
1184 596 1454 659 moribus
1469 644 1485 665 ,

749 677 844 743 Ut
872 678 1124 743 tandem

619 765 743 831 Sua
760 765 988 828 flexerit
1003 768 1068 828 in
1083 784 1251 836 vota

654 847 789 914 Diu
810 855 1220 936 concupitum
1358 856 1362 860 ’
1401 851 1407 863 ”

343 938 664 1025 Inclytum
681 938 933 1021 Bojariae
948 939 1157 1023 Stirpis
1173 939 1521 1015 Haeredem

585 1027 758 1108 Quia
775 1024 1021 1089 Parenti
1038 1028 1296 1090 similem
1488 1089 1491 1091 ,

420 1112 629 1175 Facile
645 1132 776 1174 non
807 1131 1043 1195 poterat
1069 1111 1310 1177 Natura
1323 1113 1448 1177 sola

733 1195 1112 1282 Concipere
1098 1248 1117 1271 ,

452 1284 525 1348 In
552 1283 885 1347 subsidium
908 1288 1059 1349 tanti
1077 1289 1415 1349 moliminis

145 1367 293 1435 Uri&
319 1392 467 1435 cum
496 1369 1038 1433 HENRIETA
1078 1373 1172 1434 M.
1200 1369 1726 1435 ADELAIDE

583 1452 973 1518 Amatiffima
992 1455 1280 1540 Coniuge

732 1541 946 1624 AEquo
965 1543 1139 1605 voto

279 1630 762 1710 Thaumaturgo
791 1625 851 1690 C
864 1627 962 1711 AJ
980 1627 1033 1692 E
1050 1628 1113 1691 T
1126 1631 1184 1693 A
1199 1629 1264 1694 N
1283 1631 1350 1695 O
1379 1635 1579 1697 accito

548 1713 605 1777 E
625 1713 811 1777 Coelo
834 1716 1032 1779 statim
1066 1720 1299 1786 retulit,

593 1802 808 1886 Qem
824 1801 1016 1865 Terra
1036 1803 1268 1866 distulit

702 1888 922 1950 Annos
941 1890 1154 1970 plures

361 1969 687 2040 Nimirum
708 1972 1016 2036 Homines
1032 1971 1274 2038 Natura
1294 1977 1519 2047 donat,

681 2059 920 2124 Heroas
962 2057 1150 2123 Deus.

424 2145 592 2210 Inter
602 2149 882 2231 praeclara
899 2147 1120 2213 mundi
1133 2148 1432 2214 miracula

501 2234 605 2299 Ad
622 2231 951 2298 Nestoreos
968 2235 1143 2297 vivat
1166 2256 1383 2306 annos,

645 2321 779 2403 Qi
797 2341 927 2382 non
943 2322 1209 2384 creditur

340 2408 486 2471 Sine
502 2408 836 2471 miraculo
827 2428 891 2468 1n
909 2409 1219 2470 mundum
1238 2408 1488 2480 veniffe

583 2490 756 2556 Cum
771 2492 950 2556 Prole
978 2493 1242 2577 suscepta

313 2580 562 2644 Dedisse
594 2580 801 2643 Deum
829 2601 1072 2649 omma,
1105 2579 1249 2664 quia
1264 2601 1523 2646 noverat

542 2666 833 2750 Princeps
850 2662 1171 2730 Gratiffim
1183 2690 1249 2730 us

170 2836 175 2841 ἦ
269 2749 536 2836 Regium
550 2756 720 2824 hoe,
759 2754 928 2837 quod
946 2755 1136 2903 vidgs,
1120 2755 1313 2838 ,quod
1329 2756 1666 2899 mirarisAd

1152 2862 1183 2903 2
