2034 3387
378 211 620 276 Maximo
643 228 748 264 non
774 207 902 262 foret
916 226 1011 281 pro
1033 209 1207 263 delatae
1231 210 1453 266 vietoriae
1476 211 1659 267 faenore
1681 219 1853 287 repen:

376 285 567 338 denda?
591 283 718 345 Quis
732 279 948 338 effraenes
963 299 1194 353 quosque
1206 275 1320 335 tum
1330 287 1728 356 concupiscentis,
1739 285 1854 341 tum

375 356 619 410 irascentis
631 354 787 407 animi
798 369 972 407 motus
986 354 1295 425 compescuit
1310 360 1323 405 ?
1337 361 1376 405 F
1384 362 1424 405 E
1435 365 1471 407 R
1481 365 1548 410 Dr
1563 362 1711 410 NAN
1721 367 1762 421 D,
1772 367 1813 411 U
1826 367 1862 410 S

378 435 443 481 M
451 434 492 477 A
500 435 536 476 R
548 432 574 474 Ι
581 430 639 479 Α.
706 426 834 490 Quis
858 427 1064 498 Reginae
1084 424 1364 496 perduelles
1393 430 1600 482 Rationi
1629 429 1858 484 cohibuit

379 499 640 569 appetituS,
652 497 908 550 cohibitos
922 498 1183 557 cicuravit,
1202 497 1391 551 cicures
1408 498 1470 550 ad
1494 506 1630 553 reelae
1653 502 1859 555 rationis

380 586 539 623 nutus
560 570 750 621 inflexit
773 575 786 620 ?
816 569 1148 623 Ferdinandus
1170 571 1334 622 Maria
1355 591 1366 620 z
1390 572 1489 642 ipse
1500 571 1775 645 est,quijur
1815 575 1860 626 ia

380 659 594 713 quaeque
621 642 750 697 inter
770 639 1050 694 diffidentes
1070 642 1228 695 animi
1258 658 1431 695 motus
1454 642 1637 697 sedavit
1657 684 1670 704 ,
1707 593 1860 699 maia*
1920 706 1928 713 ‚

379 719 615 785 ciamque
631 713 891 767 constituit
912 712 1058 765 nullo
1079 713 1313 766 seditioso
1340 715 1665 786 quassandam
1689 716 1861 787 depra-

379 786 484 837 vati
505 785 746 856 appetitus
760 784 974 837 turbine.
1045 785 1331 838 Hominem
1344 782 1491 858 plane
1508 789 1736 841 Stoicum
1751 811 1765 847 5
1781 787 1862 842 vel

379 856 554 928 potius
576 855 831 930 Angelum
855 855 1085 910 humano
1109 858 1343 911 vestitum
1374 877 1584 930 corpore
1606 859 1640 912 fi
1663 859 1862 920 dixero,

378 948 489 983 non
511 947 736 983 erravero
757 950 767 978 ε
789 929 951 998 ipsum
976 930 1113 982 enirn
1125 925 1264 1000 supra
1277 929 1555 983 humanam
1570 931 1763 986 factum
1776 951 1863 985 na-

377 1018 546 1054 turam
559 1005 806 1073 nusquam
818 1000 1017 1071 pellices
1031 1001 1302 1072 voluptati]
1316 1001 1555 1054 illecebrae
1573 1003 1863 1064 allexerunt,

376 1072 660 1132 titillarunt5
675 1074 920 1144 nusquam
939 1071 1123 1125 blanda
1135 1072 1371 1126 deliciarfi
1390 1072 1642 1128 lenocinia
1657 1075 1864 1148 illaque-

376 1146 791 1215 arunssnusquam
808 1143 1098 1212 validisfime
1114 1146 1341 1198 vanitatii
1354 1144 1641 1198 obfidiones
1656 1148 1865 1198 demen-

375 1217 640 1276 tarunt:1ed
650 1217 904 1269 summan]
919 1219 1166 1270 virtutum
1178 1217 1406 1270 addictus
1416 1216 1610 1284 culture
1625 1219 1864 1289 pietatem

375 1289 546 1360 posuit
567 1305 866 1340 coeterarum
876 1289 1224 1360 Tyrocinium.
1256 1292 1535 1360 Quotquot
1544 1308 1628 1361 per
1640 1292 1759 1342 anni
1775 1293 1865 1342 cir-

377 1357 556 1413 culum
571 1360 816 1412 Servatori
830 1359 1135 1419 Christo,vel
1151 1361 1254 1431 ejus
1275 1361 1473 1433 Virgini
1489 1365 1671 1422 Matri,
1694 1361 1865 1415 aliisve

379 1450 442 1484 ex
453 1431 712 1502 praecipuis
725 1430 986 1484 Caelitibus
998 1434 1135 1485 sacrae
1150 1431 1432 1486 voluuntur
1444 1434 1547 1485 dies
1559 1432 1867 1486 exhomolo-

380 1502 507 1576 gefis
536 1501 675 1575 prius
709 1505 1032 1556 Sacramento
1063 1520 1335 1577 expurgata
1364 1504 1429 1557 ab
1458 1506 1605 1558 omni
1631 1503 1867 1558 labeculae

382 1575 565 1628 umbra
577 1576 630 1627 in
642 1574 919 1648 pervigiliis
942 1577 1246 1628 conscientia
1270 1579 1426 1629 animi
1441 1578 1767 1649 integerrimo
1779 1595 1868 1629 co-

381 1646 478 1705 luit
492 1647 955 1707 can.dore,imitatus
966 1647 1020 1700 in
1031 1649 1168 1700 terris
1182 1666 1389 1700 morum
1413 1651 1721 1709 innocentia,
1739 1667 1868 1722 quos

380 1718 577 1772 coelum
590 1735 770 1772 aeterna
781 1735 1042 1774 veneratur
1054 1720 1290 1773 beatitate
1301 1721 1521 1773 donatos
1543 1742 1554 1771 ε
1572 1721 1632 1773 ad
1644 1721 1868 1795 Angelo-

381 1810 498 1845 rum
523 1789 695 1862 epulas
718 1791 904 1844 coelesti
918 1791 1211 1845 reficiendus
1232 1792 1474 1846 suavitate
1493 1812 1548 1845 ea
1568 1793 1683 1846 dein
1701 1793 1775 1845 siti
1796 1811 1868 1846 ra-

381 1863 637 1935 piebatur,
650 1880 707 1916 ut
723 1857 936 1916 lubinde
957 1865 1011 1916 in
1034 1862 1279 1935 lacrymas
1299 1864 1669 1937 colliquesceret
1688 1886 1697 1914 :
1719 1865 1871 1918 nimi-

379 1939 496 1989 rum
509 1933 784 1988 oculorum
806 1932 1001 1987 humor
1013 1933 1256 1987 debuerat
1266 1935 1330 1988 ad
1344 1935 1587 1990 ferventes
1599 1937 1770 1991 Divini
1781 1940 1870 1989 So-

380 2006 438 2060 lis
449 2007 613 2060 radios
626 2005 859 2076 depluere
877 2028 891 2064 5
920 2008 972 2058 ὅ(
983 2010 1083 2060 Ros
1101 2004 1185 2058 ille
1196 2007 1490 2061 Sereniffimi
1505 2009 1698 2062 verticis
1709 2009 1871 2061 ascen-

381 2078 537 2133 dente
559 2076 660 2131 sole
683 2076 924 2130 decidere.
996 2076 1177 2147 Neque
1199 2094 1370 2132 tamen
1383 2081 1588 2134 Divinis
1608 2081 1758 2134 fartus
1771 2081 1871 2151 ipse

383 2149 580 2204 deliciis
594 2148 720 2202 alios
739 2148 964 2221 permifit
975 2148 1146 2203 iisdem
1161 2150 1339 2203 diebus
1357 2152 1474 2225 angi
1498 2153 1703 2204 miseriis
1726 2171 1737 2201 ε
1755 2171 1870 2223 pro-

381 2222 503 2275 fufis
515 2222 655 2276 enim
667 2222 773 2275 auri
799 2262 812 2282 ,
835 2222 1093 2295 argentive
1121 2221 1430 2293 ponderibus
1452 2224 1624 2294 inopia
1643 2221 1871 2276 laboran-

381 2295 518 2348 tium
530 2295 702 2366 copias
715 2293 951 2348 recreavit
967 2313 977 2342 ε
1000 2296 1053 2346 ὃ(
1075 2293 1330 2347 immolati
1347 2295 1586 2348 Numinis
1602 2291 1787 2347 centies
1800 2315 1873 2350 re-

382 2367 555 2438 petitis
577 2365 822 2421 sacrificiis
839 2368 1056 2438 integras
1077 2367 1402 2439 purgantium
1432 2367 1712 2419 animarum
1737 2368 1870 2421 rede-

382 2439 480 2493 mit
501 2437 745 2512 legiones,
819 2441 936 2493 Haec
959 2437 1093 2490 fuere
1121 2438 1409 2510 pientissirni
1428 2438 1664 2509 Principis
1689 2439 1869 2493 studia:

383 2510 491 2567 haec
513 2512 715 2583 majoris
743 2510 999 2563 momenti
1025 2510 1230 2584 negotia
1252 2530 1262 2561 :
1295 2509 1401 2563 haec
1422 2511 1619 2562 sunsma
1639 2526 1872 2566 curarum

381 2583 594 2654 fastigia,
604 2586 718 2635 Deo
730 2601 809 2643 e0,
822 2600 929 2654 quo
939 2582 1096 2654 posset
1110 2583 1398 2636 ferventiori
1410 2581 1651 2635 adhaerere
1664 2583 1844 2637 aflectu
1857 2604 1871 2633 ε

386 2653 662 2708 Coelitibus
683 2652 884 2709 cultum
913 2694 926 2712 ‚
960 2672 1116 2726 quem
1144 2654 1302 2727 poffet
1333 2655 1578 2724 majorem
1609 2655 1838 2708 exhibere
1857 2676 1869 2704 :

387 2727 632 2788 Proximo
646 2729 718 2788 ea,
728 2727 824 2799 qua
834 2728 990 2798 postet
1004 2728 1243 2782 charitate
1253 2725 1490 2799 prodesse.
1538 2727 1872 2802 Integern'mis

1694 2801 1796 2870 ipse.
