2168 3377
364 107 466 160 {64

335 432 351 450 ·
659 420 710 479 E
755 413 856 478 M
890 414 944 473 Ἐ
989 415 1044 473 L
1087 415 1143 473 E
1182 415 1279 476 M
1321 417 1378 475 A
1472 410 1528 479 V
1532 414 1579 477 I.

838 508 1403 613 Emortuale.

288 661 445 724 Avis
461 656 840 723 paradisiaca
860 655 1011 716 aeris
1030 653 1334 737 superiora
1366 670 1592 738 petens,
1663 651 1827 717 Inter
1844 659 1957 725 voer-⁴

373 748 569 812 lueres
597 746 860 806 exoticas
890 742 1231 824 principem
1263 735 1517 804 fortaffis
1546 740 1746 803 sedern
1767 761 1959 803 occu-

373 851 476 917 pat
507 831 656 893 Avis
674 826 991 892 Paradisea
1023 826 1288 910 specioso
1305 814 1428 889 hoe
1454 826 1734 908 insignita
1753 829 1959 889 nomi-

372 942 451 982 ne
466 915 737 999 eo2quia
753 916 1025 999 plerique
1049 916 1113 975 in
1142 913 1432 976 Paradiso
1460 914 1713 976 terrestri
1742 916 1959 994 degere

374 1021 821 1071 autument2ae
836 1000 1079 1063 roscidis
1110 1001 1361 1063 enutriri
1389 1002 1659 1082 guttulis,
1748 1000 1959 1063 Velut

373 1094 572 1177 placet
601 1091 729 1151 aliis
758 1106 1001 1171 propter
1042 1087 1328 1148 eximiam
1373 1088 1643 1169 corporis
1672 1085 1958 1147 venusta-

373 1197 530 1245 tem,
548 1173 872 1259 plumasve
889 1173 1213 1235 discolores
1240 1173 1315 1234 ad
1348 1194 1603 1235 omnem
1630 1172 1814 1254 pielas
1839 1173 1957 1233 ele-

369 1266 660 1346 gantiam.
749 1260 819 1323 ld
838 1261 985 1321 huic
999 1261 1242 1321 volueri
1259 1259 1341 1321 est
1357 1259 1658 1341 peculiare
1672 1303 1690 1325 ,
1707 1275 1775 1320 ut
1790 1258 1956 1341 pedi-

373 1355 482 1413 bus
510 1366 707 1412 careat
739 1392 758 1416 ,
806 1345 1067 1429 proinde
1103 1363 1266 1408 terrae
1307 1346 1677 1408 commercia
1708 1343 1952 1409 neseiat.

371 1436 690 1500 Prodeunt
714 1451 922 1496 tamen
939 1433 971 1494 ὲ
988 1432 1186 1494 cauda
1209 1433 1312 1493 fila
1330 1431 1612 1514 quaedam
1640 1448 1919 1515 portenta
1936 1474 1957 1502 ‚

370 1519 474 1586 >seu
489 1523 662 1584 nervi
681 1519 758 1582 ad
784 1520 1118 1601 quemlibet
1133 1519 1361 1580 flexum
1383 1516 1675 1600 perquam
1706 1517 1958 1584 idonei,

373 1610 594 1691 quibus
612 1607 843 1691 pedum
854 1607 991 1667 vice
1015 1604 1487 1686 quodammodo
1514 1605 1707 1666 utitur
1732 1646 1752 1671 ‚
1781 1618 1958 1666 notat

371 1692 620 1780 Ulyffes
638 1691 1078 1755 Aldrovandus
1095 1692 1212 1753 Lib.
1242 1720 1318 1752 22.
1347 1690 1699 1775 Ornithologiae
1721 1705 1957 1771 tempo-

371 1805 431 1845 re
447 1781 664 1864 quietis
680 1777 1009 1860 capiendae,
1025 1775 1234 1837 iisdem
1252 1777 1366 1837 filis
1396 1821 1413 1843 ,
1442 1773 1541 1837 seii
1564 1774 1766 1843 nervis
1783 1777 1955 1838 arbo-

371 1889 512 1932 rum
529 1867 707 1928 ramis
723 1863 836 1926 sele
851 1864 1165 1924 adnecstere
1178 1906 1196 1930 ,
1213 1883 1282 1923 ae
1301 1862 1636 1945 pendulam
1656 1862 1954 1924 indormi-

374 1978 452 2018 re.
514 1951 665 2015 Eius
680 1968 867 2033 caput
884 1949 1229 2011 rotundum
1248 1969 1379 2010 non
1397 1948 1482 2010 est
1495 1992 1513 2016 ,
1539 1946 1636 2010 sed
1654 1946 1821 2030 preff
1808 1969 1917 2011 um
1932 1994 1954 2019 ,

370 2041 554 2123 quale
570 2038 724 2100 illud
741 2035 1130 2099 HirundiniS.
1179 2033 1414 2097 Plumae
1428 2033 1553 2096 tam
1573 2078 1591 2101 ,
1608 2055 1742 2115 quae
1760 2032 1792 2096 a
1805 2055 1956 2097 Ven-

371 2146 460 2191 tre
475 2171 493 2194 ,
509 2125 696 2208 quam
710 2144 844 2205 quae
857 2122 890 2184 Ξῖ
908 2120 1086 2184 dorso
1102 2121 1499 2187 enascuntur³
1521 2141 1668 2181 cum
1683 2116 1954 2200 longiffi·

368 2234 486 2277 mae
503 2213 618 2274 sint
634 2210 898 2272 caudam
915 2225 1307 2290 componunt
1323 2206 1703 2292 discolorem.
1762 2205 1952 2286 Sym..

370 2300 589 2362 bolum
618 2292 1193 2358 FERDINANDI
1223 2293 1298 2355 M
1314 2289 1544 2356 ARIAE
1570 2312 1639 2352 ex
1659 2292 1775 2351 hae
1791 2312 1950 2353 mor-

369 2387 476 2448 tali
491 2387 616 2447 vita
632 2380 1065 2462 emigrantiffi&
1080 2380 1423 2461 adSuperos
1441 2376 1779 2439 leandentis
1794 2375 1951 2439 affu-

320 2544 327 2549 ,
370 2472 561 2536 mitur
574 2470 727 2534 Avis
744 2467 1061 2533 Paradisea
1078 2482 1241 2527 terrae
1255 2466 1492 2546 fugiens
1510 2464 1899 2527 commercia.

905 2561 1333 2671 Epigraphe.

861 2684 1114 2802 Infima
1148 2685 1379 2762 nescit.
1413 2682 1416 2684 i
1798 2799 1861 2860 In
