2168 3377
428 148 496 187 90

668 383 1468 499 ,ELO'G-IUM
1537 439 1609 505 X-

352 527 1370 598 LaudaturFERDINANDI
1420 531 1796 603 MARIAE
1825 532 2019 602 Bene

435 618 682 681 ficentia
696 617 1101 701 inSupplices,
1118 622 1178 681 &
1196 618 1462 703 Egenos

634 721 1655 795 EM‘BLEMA.

350 821 534 876 Nubes
549 821 722 893 pluvia
741 821 1005 896 arescentia
1030 828 1288 880 Aruorum
1310 825 1541 900 germina
1560 819 2019 896 perfunden8.13ffe

459 902 655 956 nubem
676 903 970 976 congeriem
997 904 1249 959 halituum
1272 923 1393 960 curn
1412 926 1558 961 novo
1590 904 1841 961 densitatis
1862 907 2018 981 gradu

453 987 603 1038 docet
621 983 903 1038 Aristoteles
919 986 1059 1038 Libris
1069 990 1426 1058 Meteorologicis
1446 988 1643 1043 Halitus
1656 989 1842 1042 sursum
1854 987 2018 1041 calore

457 1065 604 1126 solis,
619 1063 694 1119 vel
707 1064 904 1119 alterius
928 1068 1123 1141 Syderis
1147 1069 1198 1123 vi
1220 1069 1436 1142 quadam
1455 1068 1743 1141 magnetica
1754 1059 1883 1128 elati,
1897 1068 2019 1120 defi-

457 1147 622 1200 ciente
633 1162 757 1199 mox
767 1148 1040 1201 extrinseco
1054 1146 1231 1210 calore,
1234 1149 1315 1203 seu
1337 1149 1608 1204 reflexione
1621 1145 1877 1210 radiorum
1888 1148 2018 1211 solss,
2106 1165 2111 1175 ‘

455 1231 733 1319 &urgente
761 1228 948 1301 frigore
972 1228 1242 1284 ambientis
1268 1232 1393 1285 ae'ris
1417 1231 1571 1285 tertiae
1601 1231 1843 1304 Regionis
1861 1230 2020 1302 pristi-

361 1306 366 1310 ’
453 1326 551 1368 nu,
564 1328 622 1361 ac
632 1310 772 1363 nativ
777 1326 867 1363 um
879 1310 1034 1385 frigus
1047 1327 1351 1384 recuperant,
1356 1330 1413 1366 ac
1434 1312 1796 1374 addensantur,
1808 1312 2018 1370 coeunt-

427 1420 432 1423 ·
452 1387 616 1463 quein
628 1387 835 1462 plexum
848 1391 918 1445 ob
937 1393 1374 1465 symboleitate'm,
1395 1392 1495 1468 qua
1508 1390 1693 1448 halitus
1710 1393 1887 1448 halitui
1899 1394 2018 1448 faci-

453 1471 500 1525 le
523 1471 817 1528 adhaerescit.
878 1474 1009 1531 Sistit
1033 1473 1191 1529 nubes
1210 1475 1465 1550 pendula,
1487 1475 1827 1549 libraturque
1814 1494 1868 1530 1n
1893 1480 2019 1531 A'ere

451 1554 625 1607 medio
638 1592 650 1616 ,
662 1555 782 1628 quia
801 1558 1059 1630 complexi
1082 1555 1269 1613 halitus
1282 1559 1495 1630 ejusdem
1511 1552 1609 1611 fere
1622 1560 1734 1611 sunt
1747 1574 1867 1611 curn
1891 1562 2017 1612 Ae're

453 1635 728 1709 gravitatis.
757 1631 903 1692 Licet
913 1636 1118 1711 pleraeq·
1133 1638 1282 1693 nubis
1292 1657 1450 1711 partes
1459 1637 1554 1692 fint
1568 1640 1677 1694 aere
1691 1639 1956 1711 graviores,
1958 1655 2016 1693 ut

454 1718 693 1769 humores
704 1721 950 1779 concreti,
974 1718 1080 1771 aliae
1092 1735 1265 1773 tamen
1282 1722 1395 1773 sunt
1406 1720 1642 1779 leviores,
1655 1718 1823 1792 sicque
1835 1718 1898 1774 ab
1909 1721 2016 1775 aliis

454 1798 560 1851 aliae
573 1813 983 1869 attemperantur,
991 1797 1119 1853 adeo
1132 1817 1189 1854 ut
1203 1817 1296 1853 nec
1308 1799 1522 1855 leviores
1546 1796 1773 1863 sursum,
1797 1820 1891 1855 nec
1910 1822 2016 1878 gra·

452 1879 618 1933 viores
637 1877 876 1931 deorsum
896 1879 967 1932 ob
996 1897 1240 1934 mutuum
1261 1878 1469 1953 plexum
1491 1881 1729 1935 nitantur.
1802 1884 1960 1953 Quod
1977 1884 2014 1937 fi

445 1957 720 2029 vaporibus
732 1958 957 2014 humidis
969 1962 1130 2014 nubes
1151 1961 1411 2023 abundet,
1434 1964 1699 2055 magisque
1719 1980 1832 2018 tum
1855 1983 2015 2021 extra-

450 2058 633 2102 neum,
644 2056 754 2095 tum
765 2043 1003 2096 nativum
1020 2043 1177 2118 frigus
1188 2046 1371 2118 vigeat,
1381 2060 1502 2099 tunc
1512 2048 1676 2121 magis
1687 2049 2015 2104 concrescunt

453 2140 616 2196 partes
627 2123 777 2177 nubis
797 2122 1166 2189 humescentes,
1187 2129 1238 2182 ὅ(
1258 2129 1419 2182 nubes
1439 2129 1605 2200 ipsam
1627 2127 1852 2201 pluviam
1863 2131 2011 2185 solvi·

452 2221 564 2265 tur3
584 2203 817 2279 caditque
834 2225 945 2261 non
956 2208 1075 2270 fibi,
1092 2209 1175 2264 sed
1188 2209 1393 2264 arbustis
1404 2206 1646 2268 benefica
1702 2209 2010 2283 Symbolum

445 2288 478 2339 F
492 2289 529 2337 E
541 2285 640 2338 RD
654 2288 743 2339 ΙΝ
754 2289 796 2339 A
809 2289 861 2341 N
872 2288 957 2342 DI
1001 2290 1064 2342 M
1078 2292 1120 2342 A
1131 2293 1177 2343 R
1193 2288 1285 2343 1AE
1323 2288 1415 2362 qui
1455 2290 1764 2363 Principatus
1791 2288 2009 2349 infidens

453 2365 595 2439 apice
606 2367 804 2423 collatis
812 2363 1071 2424 beneficiis
1083 2371 1328 2425 omnibus
1336 2370 1547 2443 profuit.

966 2479 1393 2595 Engrczphe.
1412 2540 1413 2544 =

973 2635 1129 2716 Nih
1138 2637 1179 2716 il
1205 2641 1246 2718 S
1255 2635 1372 2716 ibi'.
