2168 3377
393 108 519 160 150·

710 215 847 283 Effe
862 215 1044 282 Mors
1060 216 1364 301 peroratio
1379 217 1604 291 debuiu

983 304 1176 367 Initi-is
1207 305 1322 367 suis

735 386 974 455 Affines
992 391 1220 473 semper
1247 391 1384 454 sunt
1399 392 1565 455 fines,

450 476 544 542 Ut
557 476 770 540 ultima
790 479 997 561 primis
1014 476 1166 538 bene
1182 475 1410 560 semper
1426 477 1849 561 respondeant.

678 561 954 625 Praeficas
989 564 1338 643 abijciamus
1356 565 1643 645 lugentes,

607 650 939 713 Silentium
964 650 1246 732 epicediis
1284 651 1691 733 irriponamUS.

936 735 1036 797 Sic
1065 737 1351 798 morienti

568 822 644 884 M
654 844 747 884 ors
762 823 984 900 jaclura
1003 843 1132 883 non
1147 823 1249 889 cst,
1254 822 1349 883 sed
1367 824 1729 907 triumphus,

450 908 651 992 Quod
683 911 945 992 potuerit
975 911 1166 977 mori,
1194 910 1507 971 imbecillis
1523 912 1849 973 estnaturae

999 991 1321 1056 ConditiO.

447 1080 676 1164 Qiod
665 1081 743 1144 ita
762 1082 942 1143 fuerit
960 1099 1258 1149 mortuus
1275 1097 1343 1142 ut
1362 1077 1656 1142 aeternum
1671 1083 1868 1150 vivat,

704 1166 868 1230 Laus
900 1168 981 1229 est
1022 1167 1272 1229 summae
1315 1168 1580 1227 virtutis:

680 1257 896 1335 Quam
917 1253 1277 1335 Principum
1297 1252 1617 1316 Maximus

658 1340 762 1402 Ad
831 1338 1277 1422 Imperantium
1348 1358 1636 1400 normam

797 1424 1002 1488 Terris
1019 1427 1192 1488 datus
1215 1426 1502 1493 excoluit.

505 1511 638 1577 Alit
663 1513 847 1574 etiam
878 1512 1073 1576 Pictas
1102 1512 1411 1593 Principes
1432 1509 1789 1581 Phoenices,

651 1600 785 1681 Qui
803 1619 873 1660 ex
888 1600 1229 1681 impetentis
1247 1597 1379 1659 Fati
1398 1598 1624 1658 umbris

562 1685 664 1747 Ad
679 1685 945 1746 clarioris
965 1687 1117 1746 lucis
1136 1686 1453 1746 enituntur
1468 1684 1730 1743 usuram.
1783 1689 1789 1697 '

531 1772 667 1885 Qi
687 1772 841 1843 vitiis
859 1771 1188 1866 profligatis
1219 1769 1503 1830 solivivit
1527 1768 1602 1830 V
1594 1768 1761 1829 irtuti

739 1854 946 1917 Huic
936 1857 1207 1917 interitus
1225 1856 1307 1916 est
1326 1854 1557 1920 vitalis,

420 1939 504 2006 Et
520 1943 836 2006 tumulus
826 1964 890 2003 in
909 1943 1239 2004 odoratum
1264 1942 1317 2003 ei
1333 1941 1678 2003 thalamum
1696 1939 1874 2012 cedit

464 2029 529 2094 N
536 2052 620 2092 on
636 2029 807 2112 perit,
812 2031 919 2110 qui
938 2049 1258 2109 nunquam
1276 2027 1548 2110 perituris
1566 2026 1833 2095 adhaeslt,

547 2116 667 2178 Sed
684 2113 864 2177 Mors
882 2114 1128 2177 Praefica
1148 2114 1359 2181 simul
1386 2115 1444 2174 ὅ(
1463 2108 1750 2175 Pronuba

467 2201 525 2268 E
544 2202 651 2265 suo
666 2203 866 2262 cinere
883 2201 1150 2263 clarioris
1168 2201 1371 2261 haurit
1394 2200 1532 2259 Vitae
1552 2199 1800 2265 calores,

611 2286 700 2351 Ut
715 2300 1081 2349 morientem
1111 2307 1291 2347 novae
1319 2274 1509 2367 pariat
1525 2285 1684 2351 vitae.

775 2373 802 2436 I
834 2395 1003 2435 nunc
1033 2371 1267 2434 sursum
1294 2370 1517 2431 advola

513 2516 516 2519 ,
813 2459 1176 2540 Principum
1187 2456 1468 2519 Phoenix.

600 2544 749 2608 Post
769 2544 1074 2612 Mortis&
1106 2545 1325 2606 Martis
1355 2542 1698 2622 triumphos

554 2631 880 2696 AEternum
919 2634 1027 2695 tibi
1068 2632 1317 2693 debetur
1346 2628 1726 2711 capitolium,

1597 2735 1851 2850 PER-
