2034 3387
486 155 514 194 6

419 250 486 306 ad
500 265 831 306 communem
840 242 1126 320 splendeant
1136 244 1465 301 hilaritatem?
1499 248 1654 304 Itaest
1671 271 1684 302 ε
1703 248 1880 307 huma}

424 344 499 379 nae
512 321 869 378 vicissitudines
881 318 1189 373 conditionis
1198 318 1299 372 hoc
1308 320 1633 391 postulatum
1643 318 1768 377 dum
1778 329 1880 396 api-

423 416 535 450 cem
554 392 797 446 felicitatis
821 388 1031 464 attigisse
1052 388 1316 443 videamur
1334 430 1349 452 ,
1377 393 1433 445 in
1449 393 1613 447 imum
1661 398 1882 449 roturbe-

424 484 540 522 mur
558 464 770 518 doloris:
791 460 938 517 altius
949 465 1165 514 Fortuna
1182 479 1277 514 nos
1297 463 1487 525 extulit,
1505 483 1607 537 quo
1648 466 1763 538 apsu
1776 484 1882 539 gra·

425 539 564 591 viore
587 552 852 590 meremus.
941 531 1221 605 Qerulam
1249 533 1404 606 igitur
1423 539 1616 589 asturus
1636 535 1884 591 Praeficam

421 607 637 682 lugubre
651 608 873 661 exordiar
887 603 1185 676 Epicedium
1199 626 1214 663 5
1233 605 1313 657 sed
1332 604 1434 659 fine
1446 605 1705 662 allicientis
1718 607 1886 663 elocu-

419 681 586 734 tionis
609 679 1130 752 lepore,inamoenum
1153 697 1168 732 ς
1200 675 1301 729 fine
1316 677 1624 751 argutiarum
1642 681 1886 734 acumini-

419 753 520 806 bus
538 792 551 814 ,
567 751 870 825 languidum
892 748 1037 823 5'sine
1061 749 1423 822 elegantiarum
1443 749 1633 804 deliciis
1648 792 1662 813 ,
1690 752 1888 805 incom-

423 841 567 896 ptum
580 847 593 883 5
615 824 715 877 sine
727 819 968 875 facundlae
980 820 1584 895 ornamentis,negle&um
1598 846 1613 884 5
1634 823 1736 876 fine
1757 822 1889 877 Rhe-

421 914 596 950 torum
611 891 1051 965 fuciquualidum.
1120 895 1232 944 Heu
1245 892 1259 946 !
1272 892 1617 965 intempestiva
1627 911 1890 967 praematu-

425 969 464 1040 ri
479 968 579 1021 Fati
605 965 820 1040 procella
839 964 1077 1026 nostrum
1083 966 1318 1036 protrivit
1341 983 1490 1020 verna
1509 968 1743 1048 temperie
1756 967 1889 1020 Deli-

426 1041 586 1098 eiums
600 1038 738 1093 nulla
751 1036 954 1090 excultae
972 1036 1270 1109 eloquentiae
1281 1040 1558 1108 spectentur
1577 1057 1745 1094 vireta.
1811 1043 1892 1092 In-

422 1112 591 1184 opinae
615 1110 791 1164 mortis
823 1108 1015 1163 invidia
1036 1109 1262 1162 nostrum
1291 1116 1371 1161 (ua
1389 1108 1646 1164 demessuit
1670 1110 1794 1164 falce
1817 1113 1891 1164 vi-

424 1184 577 1235 rentis
600 1183 736 1236 Oleae
764 1180 957 1235 Florem
986 1204 1000 1240 5
1039 1179 1179 1235 nulla
1209 1180 1500 1234 desideretur
1537 1181 1894 1256 elegantiarum

424 1256 704 1312 amoenitas,
754 1253 970 1307 Insolens
983 1253 1134 1306 turbo
1148 1254 1426 1306 trabeatum
1436 1253 1714 1326 Principum
1726 1251 1896 1324 Splen*

427 1325 606 1378 dorem
618 1323 890 1381 momento
900 1325 1112 1378 extinxit
1131 1347 1145 1383 5
1166 1325 1337 1378 nullus
1348 1326 1544 1400 grandis
1557 1326 1800 1378 orationis
1818 1327 1894 1376 ni-

424 1414 510 1451 tor
521 1396 770 1470 affulgeat.
847 1395 1207 1469 Qialugubre
1217 1412 1574 1470 argumentum
1598 1395 1738 1450 exlex
1763 1395 1893 1448 mihi

425 1469 645 1544 suggerit
662 1468 809 1521 dolor
834 1490 848 1527 5
882 1468 1037 1521 Sinite
1057 1486 1140 1520 me
1161 1468 1253 1520 hac
1280 1469 1359 1522 die
1384 1467 1596 1540 publicis
1618 1467 1895 1521 consecrata

424 1541 731 1597 moeroribus
742 1539 894 1594 nullis
909 1540 1167 1593 addietum
1181 1538 1360 1592 effandi
1373 1539 1569 1613 legibus
1583 1541 1758 1594 ordine
1768 1557 1896 1611 quo-

422 1613 547 1668 dam
558 1612 886 1666 tumultuario
909 1612 1080 1665 laudes
1114 1617 1247 1663 FER
1260 1620 1302 1665 D
1315 1617 1396 1663 IN
1403 1618 1445 1662 Α
1456 1617 1556 1666 ND
1569 1617 1593 1661 Ι
1637 1618 1699 1663 M
1708 1616 1894 1662 ARIAE

429 1689 639 1738 Eleaorets
665 1687 917 1758 pervagari
940 1706 954 1743 5
983 1702 1041 1737 ac
1067 1684 1290 1738 Virtutes
1312 1724 1325 1744 ,
1353 1702 1565 1756 quarum
1589 1682 1778 1757 fastigia
1796 1683 1898 1755 ipse

428 1758 657 1830 attigerat
668 1796 681 1817 ‚
698 1755 874 1810 leviter
885 1756 1126 1809 recensere
1141 1795 1154 1816 ,
1172 1773 1228 1808 ut
1244 1755 1414 1808 saltem
1429 1774 1488 1809 ex
1501 1773 1671 1829 ungue
1682 1757 1895 1809 Boicum

429 1829 582 1882 istum
591 1828 937 1901 praegrandem
949 1827 1192 1880 discamus
1205 1832 1442 1880 Leonem.
1701 1870 1704 1874 .

543 1899 802 1954 Ptaeteribo
815 1898 868 1951 in
885 1898 1131 1951 uberrima
1143 1902 1484 1973 rerumSegete
1500 1900 1762 1972 protritam
1771 1899 1898 1954 Rhe·

429 1977 605 2027 'torum
615 1970 783 2044 legem
792 1969 1047 2023 derivandi
1058 1968 1228 2022 laudes
1239 1970 1269 2023 a
1281 1975 1552 2024 stemmate
1564 1989 1642 2026 tot
1650 1973 1752 2043 jam
1764 1986 1899 2024 ante-

429 2044 556 2097 aeris
571 2041 769 2095 soeculis
787 2042 981 2113 inclyto
995 2042 1063 2100 ,δε
1077 2043 1202 2094 inter
1215 2042 1374 2113 prima
1387 2045 1594 2114 Europae
1606 2044 1898 2101 Coronaria,

431 2115 684 2186 omnique
717 2113 972 2185 praeconio
991 2110 1546 2170 clariorezemendicatis
1574 2134 1684 2169 non
1704 2115 1900 2186 indiget

432 2184 686 2240 nitoribus
697 2224 711 2245 ,
722 2185 809 2257 qui
821 2183 911 2237 fibi
923 2183 1006 2255 ipfi
1018 2183 1257 2237 sufficiens
1267 2185 1372 2237 laus
1383 2185 1465 2237 est.
1513 2187 1648 2251 Quia
1660 2185 1778 2239 vero
1787 2183 1899 2236 nul-

430 2255 480 2312 la
499 2257 662 2330 potest
687 2259 1127 2309 FERDINAND
1142 2263 1168 2306 I
1201 2259 1456 2309 MARIAE
1495 2273 1608 2309 aetas
1631 2256 1899 2316 recenseri,

432 2347 546 2402 quae
557 2329 677 2383 albo
687 2321 927 2384 divinitus
940 2325 1226 2400 praesignata
1236 2327 1408 2398 lapillo
1429 2327 1698 2400 multiplici
1719 2346 1827 2382 non
1846 2326 1902 2393 il-¹

431 2400 612 2455 luxerit
622 2402 829 2454 summa:
841 2400 1036 2455 virtutis
1046 2398 1378 2470 splendore,ab
1389 2399 1498 2470 ipfis
1510 2400 1734 2453 exordiar
1745 2399 1899 2472 pube-

435 2473 611 2526 scentis
629 2473 855 2527 Infantiae
879 2471 1160 2543 crepundiis
1182 2513 1195 2532 ,
1239 2489 1350 2543 quae
1381 2471 1666 2524 ditisfimam
1688 2470 1899 2524 laudum

438 2543 570 2598 mihi
584 2545 823 2598 exhibent
832 2541 1204 2617 supellectilem.
1275 2540 1534 2597 Nimirum
1555 2543 1802 2596 orientem
1811 2544 1898 2596 So-

439 2613 544 2670 lem
554 2618 775 2688 apprime
797 2614 1061 2669 aernulatus
1073 2655 1086 2676 ,
1104 2617 1156 2668 in
1168 2614 1270 2687 ipso
1287 2615 1523 2667 nascentis
1545 2617 1657 2668 vitae
1671 2615 1898 2668 orizonte

440 2702 582 2742 totus
600 2688 648 2741 se
671 2688 713 2741 st:
730 2689 784 2741 in
798 2687 1070 2742 clariorum
1091 2683 1329 2739 effuderat
1340 2686 1584 2740 virtutum
1596 2687 1899 2740 incrementa

443 2759 732 2834 aid-ignaviae
749 2758 1061 2832 depellendas
1084 2758 1340 2833 caligines,
1351 2758 1413 2814 ad
1425 2758 1532 2830 vitij
1555 2759 1768 2879 ςυειῖφέε
1787 2773 1898 2808 um-

1755 2845 1828 2880 ras
