2168 3377
361 82 464 137 136³

842 190 1105 257 Dolores
1125 196 1382 266 exhibet,

591 282 991 365 Suscipiendae
1012 281 1214 342 'laudis
1232 284 1641 346 incitamenta.

865 367 1162 449 Empyrei
1181 368 1363 431 Arces

568 454 909 537 Multiplici
943 454 1180 515 vallatae
1221 456 1689 536 propugnaculo

710 541 859 603 Vim
886 550 1199 622 patiuntur
1214 541 1563 602 maximam.

469 624 836 690 Praesidiaria
866 623 1163 687 Coclitum
1191 627 1407 687 militia
1424 641 1818 709 propugnata:

700 713 1073 795 Expugnatu
1091 710 1125 772 s
1120 728 1230 772 unt
1251 706 1544 774 difficiles,

600 799 743 863 Sine
773 800 1056 860 exantlati
1085 799 1299 859 laboris
1329 799 1657 860 constantia

660 884 815 949 Non
844 885 1050 950 sinunt
1078 884 1391 945 obsidione
1407 886 1591 966 cingi,

643 972 781 1034 Nec
812 972 935 1032 fine
973 969 1261 1051 sanguine
1294 973 1603 1053 occupari,

537 1056 727 1120 FER
751 1055 1079 1119 DINAN
1103 1054 1302 1119 DUS
1376 1056 1724 1120 MARIA

650 1144 1019 1206 Dimicantis
1050 1141 1292 1204 Pietatis
1310 1144 1375 1203 in
1392 1140 1616 1204 Castris

770 1231 1072 1310 Strategus
1093 1224 1512 1296 Peritiflimus‚

444 1315 796 1379 Methaneae
815 1317 878 1377 in
906 1316 1394 1377 Armamentario
1412 1313 1583 1376 sacrae
1599 1314 1830 1377 militiae

765 1401 1171 1463 Instrumenta
1190 1418 1503 1462 mutuatus

362 1488 437 1551 Se
453 1487 647 1571 ipsum
676 1488 1142 1571 expugnavit2ut
1162 1482 1463 1548 Coclitum
1489 1478 1916 1549 munitissimas

831 1576 1014 1634 Arces
1030 1591 1425 1655 oppugnaret.

628 1656 856 1721 Cilicio
873 1659 1304 1740 chlamydatus
1321 1659 1493 1720 rudia
1510 1659 1652 1719 retia

555 1745 629 1810 In
647 1747 986 1827 aucupium
1006 1745 1392 1806 cruciatuum
1408 1743 1737 1827 assumpsit,

781 1832 956 1893 Acin
984 1830 1247 1891 vidioriae
1264 1830 1515 1912 pedicas,

604 1914 894 1998 Repetitis
936 1915 1266 1996 flagrorum
1293 1916 1691 1982 cruciatibus,

673 2004 920 2086 Quibus
938 2002 1011 2062 ad
1029 2001 1332 2081 sanguinis
1349 1993 1597 2062 effluvia
1613 2043 1631 2066 2

724 2081 1320 2151 'Innocentiffimum
1346 2107 1568 2169 corpus

702 2171 1084 2236 Nocentium
1102 2175 1292 2255 poenis
1312 2174 1619 2238 multavit,

661 2254 1047 2322 Validiffima
1089 2258 1382 2340 Empyrei
1422 2257 1650 2318 moenia

832 2346 1151 2412 Arietavit,
1166 2341 1479 2426 quassavit.

474 2431 758 2517 Adytum
787 2430 1040 2494 demum
1080 2429 1637 2512 Triumphantium
1675 2448 1847 2491 more

667 2518 784 2582 Per
797 2520 1047 2592 dejectos
1065 2517 1168 2578 fibi
1185 2517 1416 2598 aperuit
1440 2536 1665 2583 muros,

491 2600 661 2667 Cum
686 2605 923 2666 ins-liciis
953 2604 1311 2666 cruciatibus
1340 2604 1394 2663 se
1425 2600 1618 2683 ipsum
1644 2601 1841 2683 fregit,

672 2689 1013 2773 Integritate
1029 2712 1160 2754 non
1176 2688 1325 2759 laesa,
1340 2687 1437 2752 sed
1448 2688 1641 2757 ancia,
1745 2771 1788 2834 S

1791 2791 1893 2833 au-
