2034 3387
114 176 172 235 &
190 174 346 235 hisce
364 175 478 235 alia
492 171 734 231 adiiciet
764 168 1030 230 sexcenta
1050 169 1454 250 pulcherrima
1473 169 1725 229 nomina
1745 211 1762 235 ,

115 282 247 341 quoe
279 257 744 341 suppeditabunt
777 256 1042 319 Virtutes
1071 255 1315 316 summoe
1343 301 1360 322 ,
1388 277 1652 337 quarum
1671 254 1767 315 su-

116 368 316 427 prema
345 345 539 405 tenuit
558 341 673 424 ipse
705 343 952 422 fastigia.
1043 346 1225 403 Datur
1246 344 1330 402 hoc
1357 345 1603 425 illustrium
1629 344 1769 405 Viro·

114 459 219 492 rum
245 431 544 511 Postericati
580 441 600 502 <
627 429 831 510 inquit
855 426 1110 489 Tacitus
1136 437 1157 498 >
1186 447 1243 487 ut
1266 429 1486 511 quomodo
1510 418 1941 509 exequiisdsffffssn‘

108 521 374 600 promiscua
378 516 642 598 sepultura
663 525 951 595 separantur
979 539 998 572 :
1026 518 1269 595 accipiant
1294 555 1312 577 ,
1339 512 1636 596 habeantque
1645 532 1767 595 pro·

108 606 272 685 'priam
286 606 567 660 memoriam
594 626 614 660 .·
662 601 721 660 &
739 596 818 662 eo
837 602 923 660 La
933 599 1012 660 ud
1022 619 1128 661 um
1146 597 1335 677 gloria
1355 597 1765 667 illustriorem,

116 683 246 766 quo
285 685 461 766 plena
504 706 695 746 manu
737 707 807 747 ex
845 687 1022 748 cultis
1066 684 1388 748 virtutibus
1428 684 1769 744 uberiorem

116 770 373 832 laudum
404 769 648 833 messem
679 773 1048 852 collegerint.
1098 767 1294 832 Ausus
1323 766 1454 850 sum
1485 766 1776 830 Clemen-

117 852 343 918 tissimo
394 857 612 918 Vestro
669 857 1036 939 obsequutus
1099 855 1362 938 Imperio
1436 851 1772 916 FERDI-

117 942 178 1006 h
206 947 252 1002 A
282 942 338 1005 N
364 940 466 1004 DI
519 942 596 1005 M
629 944 672 1005 A
697 943 748 1006 R
774 942 890 1006 1AE
940 943 1300 1024 Principum
1330 940 1598 1002 Maximi
1624 940 1779 1003 sum-

117 1050 243 1091 mas
265 1027 504 1089 Laudes
538 1029 696 1090 hisce
725 1030 1048 1092 describere
1081 1031 1239 1092 foliis
1259 1074 1274 1095 ,
1305 1049 1431 1089 non
1466 1045 1532 1088 ut
1559 1031 1780 1087 casim-

118 1136 222 1196 [π
245 1113 658 1177 Eneomiastes
691 1114 958 1178 Calamo
986 1135 1283 1196 aequarem
1306 1159 1320 1181 2
1339 1135 1407 1174 ac
1438 1131 1629 1174 totam
1652 1115 1777 1175 eius

120 1201 359 1260 metirer
389 1199 679 1262 Gloriam
707 1204 1031 1268 {Arduum
1053 1199 1349 1282 siquidem
1369 1201 1449 1260 est
1484 1208 1543 1260 in
1563 1199 1775 1261 Solem

119 1286 461 1346 meridiano
479 1290 610 1353 iuba
622 1310 677 1348 re
695 1289 1018 1352 coruscum
1034 1290 1185 1349 acies
1205 1289 1382 1366 figere
1402 1331 1416 1353 2
1434 1287 1488 1346 ἃ
1510 1307 1636 1346 non
1655 1308 1774 1347 coe-

119 1371 308 1431 eutire
338 1391 354 1441 3
406 1370 500 1431 sed
531 1391 596 1434 ut
625 1375 895 1454 aliquam
931 1376 1351 1456 depromerem
1385 1371 1771 1453 Epitomem‚

119 1477 305 1538 quam
343 1468 855 1518 SERENlTATlS
892 1468 1197 1519 VESTRAE
1239 1469 1773 1521 ELECTORAIAS

120 1543 470 1606 subiicerem
504 1539 739 1612 oeulisg
790 1543 846 1602 &c
875 1540 1316 1623 Imperantibus
1347 1543 1632 1604 omnibus
1673 1565 1781 1605 ve-

119 1651 248 1692 ram
301 1627 600 1709 Principis
638 1628 661 1689 1
690 1639 737 1687 D
765 1642 800 1689 E
824 1643 866 1690 A
894 1640 950 1688 M
1001 1629 1345 1690 exhiberem
1396 1629 1774 1694 imitandam.

121 1714 593 1776 Vixitomnium
623 1714 939 1775 Virtutum
970 1712 1266 1797 Myriade
1297 1712 1557 1777 Coelittis
1587 1717 1777 1778 dona-

121 1820 214 1865 tus
242 1798 535 1881 Optimus
568 1798 851 1880 Princeps
883 1823 893 1860 :
937 1799 1030 1861 sed
1073 1819 1139 1862 ut
1178 1800 1405 1862 servata
1433 1802 1658 1881 Qiiete
1685 1822 1777 1866 tot

118 1890 276 1950 inter
293 1887 522 1948 Rerum
552 1885 893 1946 discrimina
917 1928 931 1948 ,
954 1887 1388 1966 temporumve
1405 1883 1640 1950 diflidia
1659 1888 1777 1951 Po-

71 2018 81 2028 .
120 1975 414 2056 pulorum
462 1971 796 2032 commoda
835 1980 1274 2052 promoveret:
1324 1991 1391 2034 ut
1438 1995 1779 2039 commotas

123 2058 352 2137 ubique
382 2076 671 2118 terrarum
715 2078 1024 2118 armorum
1072 2061 1364 2139 procellas
1400 2058 1660 2123 sedaret:
1711 2082 1778 2127 ut

122 2143 440 2225 gloriosior
468 2144 867 2225 triumpharet
892 2142 1010 2224 ipse
1037 2145 1340 2207 custodita}
1359 2142 1520 2208 Pace
1544 2191 1561 2215 ,
1588 2148 1775 2229 (μιέιῑη

122 2233 248 2294 Alii
292 2230 445 2290 inito
476 2226 651 2289 Bello
700 2252 710 2290 :
761 2248 828 2291 ut
868 2252 1116 2292 morum
1157 2230 1449 2294 suavitate
1492 2235 1781 2298 omnium

122 2320 359 2379 animos
377 2315 669 2384 alliceret,
688 2316 937 2399 Sibique
954 2317 1292 2380 devinciret
1319 2340 1330 2380 :
1356 2337 1423 2380 ut
1439 2319 1779 2399 insigniori-

121 2406 231 2467 bus
265 2402 503 2464 Pietatis
530 2404 815 2485 exemplis
848 2425 979 2465 non
1014 2403 1212 2466 solum
1257 2404 1488 2466 Aulam
1528 2404 1775 2469 Bavari-

122 2512 258 2553 cam
285 2533 302 2557 ‚
347 2487 442 2550 sed
484 2491 543 2550 ὅ(
584 2507 784 2552 totum
827 2509 1226 2572 componeret
1268 2490 1520 2554 Orbem.
1624 2489 1777 2556 Haec

119 2576 256 2639 sunt
277 2577 701 2656 trophaea,quae
719 2577 822 2638 sibi
840 2579 1036 2639 erexit.
1077 2575 1227 2639 Haec
1246 2598 1649 2641 monumenta
1668 2582 1776 2642 im-

119 2662 513 2726 mortalitatis,
587 2660 740 2724 Haec
771 2658 1215 2726 AmatiffimiV
1221 2666 1352 2725 estri
1371 2664 1637 2726 Parentis
1658 2666 1714 2727 V
1720 2690 1774 2727 e-

122 2745 636 2831 stigia2quoehat1d
653 2746 1125 2832 degener‘Filius
1155 2795 1172 2818 ,
1203 2753 1386 2812 etiam
1407 2752 1480 2811 acl
1501 2754 1773 2814 uberiora

1107 2847 1165 2911 ><
1219 2857 1249 2897 2
1568 2839 1695 2916 glo-
