2168 3377
420 160 513 212 15²2

343 282 580 350 naisum
599 325 615 347 ,
631 271 690 340 ἃ
705 267 1052 359 aequiffimis
1069 273 1345 335 lamentis
1370 271 1445 334 ad
1461 265 1690 335 illatam
1708 273 1995 349 injuriam

342 366 754 436 ulciscendam
781 362 957 424 suum
988 357 1382 422 concitassent
1407 360 1780 440 Apollinem.
1870 363 1996 427 De-

347 450 602 522 buissent
630 453 687 512 &
707 449 845 532 Ipsae
874 469 1018 510 cum
1046 446 1160 507 suis
1177 447 1330 507 tibiis
1344 490 1362 512 2
1382 466 1450 505 ac
1472 441 1739 507 Citharis
1756 448 1997 514 funebri

346 544 491 607 huic
510 535 776 601 intereffe
792 534 1104 617 apparatui
1123 577 1140 600 ,
1170 533 1228 592 ὅ(
1248 530 1492 593 Naenias
1521 533 1811 595 desuntPto
1827 534 2002 600 Prin·-

344 631 463 712 cipi
481 630 683 710 plenas
697 623 1020 685 concinere
1040 618 1336 679 laudibus,
1429 616 1596 699 Qia
1613 617 1764 680 vero
1782 619 1833 681 F
1835 626 2001 684 acul-

338 738 424 780 tas
440 712 760 796 Lapidaria
791 730 905 790 ope
931 704 1844 788 Symbolicaeintextislaudibus
1862 714 1998 772 totsi

343 803 462 865 laxi
477 799 686 880 templi
704 797 1004 857 ambitum
1020 802 1137 870 jam
1150 807 1560 871 occupaverat
1577 814 1587 852 :
1604 812 1733 853 non
1751 795 2000 860 enimin

344 887 645 952 uberrima
665 884 780 944 hac
802 882 1098 941 virtutum
1129 874 1306 938 messe
1325 874 1601 957 unquam
1616 879 1701 938 illi
1721 879 2003 948 defuisset

343 975 514 1040 fandi
546 971 790 1032 materia
818 1012 834 1034 ,
871 987 982 1026 nec
1011 963 1240 1025 indicio
1257 963 1488 1024 silentio
1505 963 1782 1044 unquam
1800 970 1998 1030 conti-

342 1061 526 1126 cuiss'e
536 1077 601 1119 nt
628 1070 935 1137 quotquot
950 1073 1019 1112 ex
1037 1048 1083 1110 F
1088 1050 1449 1110 acultatibus
1467 1050 1840 1113 liberioribus
1858 1049 2001 1118 fuis-³

311 1146 317 1149 ’
344 1150 471 1212 sent
487 1146 562 1206 ad
582 1148 740 1204 hanc
757 1143 808 1200 la
821 1139 1013 1200 udum
1030 1136 1474 1197 enarrationem
1494 1136 1696 1216 accitae
1712 1179 1731 1203 ‚—
1751 1137 1794 1198 si
1811 1136 2002 1202 Tem-

344 1237 428 1320 pli
455 1231 595 1293 licet
624 1228 931 1311 perampla
949 1223 1181 1305 capedo
1199 1221 1448 1303 summis
1471 1222 1744 1283 defuncii
1763 1222 2003 1287 Princi-

342 1324 429 1405 pis
448 1313 758 1380 suffecisset
774 1313 1111 1374 virtutibus,
1186 1306 1542 1369 Defuerunt
1564 1310 1728 1370 enirn
1746 1307 1999 1394 Templi

344 1407 528 1490 spatia
556 1401 854 1482 Principis
880 1397 1202 1459 virtutibus
1227 1432 1245 1462 2·
1263 1415 1393 1455 non
1425 1408 1675 1456 Virtutes
1703 1394 2002 1481 Principis

341 1493 537 1577 spatiis
554 1487 820 1567 Templi.
897 1482 1168 1545 Tametsi
1186 1483 1493 1542 columnae
1514 1500 1822 1564 quotquot
1837 1485 2001 1546 stria-

341 1599 411 1643 tae
430 1577 685 1657 Regiam
701 1571 1025 1635 Basilicam
1052 1569 1350 1634 fulciunt,
1381 1569 1709 1635 &ornant2
1738 1569 1996 1651 &spatia

341 1665 553 1728 omnia
589 1657 1127 1722 intercolumnaria
1153 1670 1452 1735 occupata
1483 1655 1711 1716 fuerint
1738 1662 1802 1715 in
1832 1677 2002 1718 enar-

340 1752 536 1815 randis
563 1747 841 1809 laudibus
872 1742 1234 1823 Principum
1264 1739 1535 1802 Maximi
1562 1784 1580 1806 2
1631 1761 1761 1802 non
1791 1759 1999 1807 tamen

342 1861 436 1901 eas
496 1848 779 1918 poterant
838 1828 1069 1890 emetiri
1117 1847 1136 1897 3
1198 1823 1396 1887 fuifl'et
1443 1827 1505 1886 id
1553 1824 1816 1889 Homeri
1865 1828 1999 1892 Ilia-

340 1927 439 1987 des
490 1925 645 1983 inter
693 1915 995 1998 angustias
1043 1913 1249 1975 nuclei
1296 1912 1589 1977 avellanae
1630 1915 1954 1978 occludere
1979 1962 2000 1986 ,

339 2013 440 2073 vel
469 2010 701 2093 cyatho
719 2001 1053 2086 peramplas
1075 1997 1560 2061 circumscribere
1589 1997 1800 2082 Pelagi
1827 2004 1999 2083 plani

337 2101 465 2165 ties.
568 2089 1098 2171 Confignavimus
1129 2086 1310 2166 igitur
1352 2087 1815 2150 modulantibus
1843 2087 1998 2150 Mu-

337 2186 406 2247 sis
430 2181 710 2264 quaedam
739 2179 1023 2238 locorum
1052 2172 1235 2255 spatia
1263 2172 1339 2232 ad
1376 2172 1526 2235 Aras
1553 2174 1821 2234 minores
1848 2192 1868 2243 3
1915 2174 1998 2236 ne

336 2273 498 2333 ullus
529 2261 841 2348 superesset
878 2262 1026 2342 lapis
1057 2304 1073 2327 2
1120 2259 1227 2340 qui
1257 2257 1559 2318 uberrima
1590 2260 1663 2318 ab
1712 2259 1827 2320 hac
1863 2260 1997 2321 lau-

336 2360 484 2420 duni
517 2350 898 2416 enarratione
925 2347 1243 2408 abstineret
1283 2364 1294 2404 :
1341 2344 1624 2424 quamvis
1652 2341 1996 2427 Templum

335 2441 532 2527 ipsum
578 2485 596 2508 2
643 2435 813 2519 quod
855 2434 931 2495 ad
973 2452 1226 2495 omnem
1272 2430 1576 2491 strucsturae
1625 2431 1996 2510 elegantiam

334 2531 368 2594 a
397 2530 597 2612 primo
627 2522 826 2605 lapide
866 2521 1014 2602 erigi
1059 2513 1297 2580 iusserat
1347 2509 1787 2597 profufiffimus
1823 2514 1996 2579 Prina

334 2639 471 2700 ceps
520 2655 538 2681 ,
597 2609 824 2691 semper
872 2607 940 2668 sit
970 2616 1104 2687 ⁴ejus
1155 2603 1648 2665 munificentiam
1697 2604 1991 2684 loquutua

336 2725 489 2766 rum.
614 2695 786 2778 Quia
847 2691 998 2755 vero
1059 2694 1346 2753 locorum
1395 2688 1681 2768 angustiae·
1729 2691 1989 2770 prolixas

335 2812 467 2850 non
527 2783 849 2867 capiebant
909 2779 1258 2841 carminum
1295 2773 1487 2836 series
1549 2819 1567 2843 2
1638 2776 1993 2842 maluerunt·

1699 2858 1902 2924 Musa:
