2127 3377
1651 162 1715 206 97

534 251 830 323 Subortus
849 252 1175 322 Libith'mae
1194 261 1375 326 turbo

429 337 708 406 Subitam
734 343 1033 427 quassavit
1059 347 1122 406 in
1139 352 1470 428 procellam
1487 394 1506 423 ,

446 426 529 493 Et
543 426 707 492 allisa
730 431 805 492 ad
834 429 1132 514 sepulchri
1148 431 1474 516 scopulum

598 514 1019 597 Naufragium
1035 516 1118 580 cst
1135 519 1308 601 passa.

358 597 703 666 Laetabatur
729 597 861 686 post
889 600 1257 686 septennales
1284 600 1544 679 sudoris,

639 687 720 750 Et
734 689 1039 769 sanguinis
1059 691 1273 753 imbres

189 769 492 841 Revocari
515 768 915 857 inImperium
934 774 1158 837 sancita
1176 798 1321 859 pace
1335 775 1744 851 Serenitatem.

255 858 339 925 Et
353 861 724 944 principium
742 860 1004 927 simuh&
1021 862 1206 923 finem
1230 885 1417 928 enatae
1439 869 1650 934 laetitiae

608 946 1018 1028 Occuparunt
1033 950 1123 1008 lac
1132 970 1339 1030 rymae.

395 1029 528 1095 Tot
545 1032 699 1094 inter
718 1034 1008 1095 bombard
1017 1054 1190 1095 arum
1206 1040 1496 1109 tonitrua,

538 1117 961 1180 Armorumve
978 1123 1352 1202 tempestates
1367 1168 1382 1190 ‚

121 1197 415 1267 Posuerat
432 1200 603 1265 Deus
621 1205 687 1265 in
702 1205 943 1285 signum
962 1206 1196 1269 foederis
1216 1205 1785 1279 Mansuetiffiinum

768 1283 1115 1372 Principem
1133 1332 1150 1359 ,

182 1369 276 1437 Ut
293 1394 480 1456 quarn
496 1375 600 1437 sibi
622 1375 915 1438 indiceret
932 1375 1153 1438 Pacem
1173 1422 1190 1446 ,
1220 1376 1347 1441 aliis
1366 1383 1722 1462 praediceret.

377 1534 384 1537 ⁷.
449 1467 602 1526 Hanc
621 1465 927 1533 Mansuetis
951 1463 1038 1523 dat
1057 1462 1203 1525 Deus
1211 1473 1456 1549 gratiam,

222 1544 308 1610 At
322 1539 589 1610 effloruit
603 1543 856 1630 publicis
871 1547 1108 1627 gaudiis
1126 1545 1253 1609 haec
1274 1547 1375 1612 Iris
1396 1555 1704 1633 grandior,

347 1632 484 1697 Nisi
500 1632 783 1696 occasum
797 1647 999 1716 potuit
1017 1635 1191 1695 nobis
1208 1640 1585 1716 portendere,

274 1720 617 1783 Inclinante
637 1719 804 1781 enirn
821 1717 915 1781 die
928 1716 1159 1802 semper
1175 1723 1511 1801 grandescit
1528 1726 1648 1794 Iris.

260 1809 432 1955 Q&
447 1803 677 1868 veroin
692 1806 1005 1866 neminem
1021 1806 1299 1886 unquam
1312 1814 1669 1885 excanduit,

341 1919 365 1956 i
412 1894 679 1954 eminem
694 1889 979 1971 unquam
997 1892 1184 1951 verbo
1201 1898 1487 1975 pupugit,

126 1980 309 2055 Hisce
327 1980 595 2042 moribus
611 1975 689 2038 ita
719 1974 1053 2037 assueverat
1085 1974 1446 2043 Mitillimus
1470 1983 1756 2078 Princeps
1769 2035 1789 2065 ,

458 2063 550 2127 Ut
571 2063 779 2124 Morte
798 2060 1104 2143 extemplo
1120 2064 1466 2146 impetente,

290 2150 554 2215 Nullam
570 2170 715 2211 curn
730 2146 850 2230 ipsa
865 2149 1140 2212 habuerit
1162 2152 1630 2232 querimoniam,

1012 2858 1057 2905 [1
1102 2857 1143 2907 2
1504 2854 1707 2921 HLO-⁸
